@book{Bynon83,
	Author = {Bynon, Theodora},
	Date-Added = {2017-12-20 02:06:05 +0000},
	Date-Modified = {2017-12-20 02:07:05 +0000},
	address = {Cambridge},
	Publisher = {Cambridge University Press},
	Title = {Historical Linguistics},
	Year = {1983}}

@book{DeCamp74,
	Date-Added = {2017-12-04 03:17:20 +0000},
	Date-Modified = {2017-12-20 03:21:16 +0000},
	Editor = {DeCamp, David and Hancock, Ian},
	Publisher = {Georgetown University Press},
	Title = {Pidgins and creoles: {C}urrent trends and prospects},
	Year = {1974}}

@book{Wilner03,
	Author = {Wilner, John},
	Date-Added = {2017-11-29 10:56:36 +0000},
	Date-Modified = {2017-12-04 19:22:45 +0000},
	Edition = {4},
	Publisher = {Summer Institute of Linguistics},
	Title = {Wortubuku ini {S}ranan {T}ongo ({S}ranan {T}ongo -- {E}nglish dictionary)},
	Year = {2003}}

@book{Bickerton75,
	Author = {Bickerton, Derek},
	Date-Added = {2017-11-27 19:01:41 +0000},
	Date-Modified = {2017-11-27 19:02:08 +0000},
	address = {Cambridge},
	Publisher = {Cambridge University Press},
	Title = {Dynamics Of A Creole System},
	Year = {1975}}

@book{Lefebvre98,
	Author = {Lefebvre, Claire},
	Date-Added = {2017-11-27 15:22:43 +0000},
	Date-Modified = {2017-12-20 03:22:12 +0000},
	address = {Cambridge},
	Publisher = {Cambridge University Press},
	Series = {Cambridge studies in linguistics},
	Title = {Creole genesis and the acquisition of grammar: {T}he case of {H}aitian {C}reole},
	Year = {1998}}

@book{Alleyne96,
	Author = {Alleyne, Mervyn},
	Date-Added = {2017-11-27 14:54:48 +0000},
	Date-Modified = {2017-12-04 00:32:59 +0000},
	address = {Paris},
	Publisher = {Karthala/Presses Universitaires Cr{\'e}oles},
	Title = {Syntaxe historique cr{\'e}ole},
	Year = {1996}}

@article{Mufwene90,
	Author = {Mufwene, Salikoko},
	Date-Added = {2017-11-27 14:42:03 +0000},
	Date-Modified = {2017-11-27 14:51:42 +0000},
	Journal = {World {E}nglishes},
	Pages = {98--103},
	Title = {Pidgins and {C}reoles},
	Volume = {9},
	Year = {1990}}

@book{Chaudenson01,
	Author = {Chaudenson, Robert and Salikoko Mufwene},
	Date-Added = {2017-11-27 01:09:16 +0000},
	Date-Modified = {2017-11-27 01:11:35 +0000},
    Address = {London},
	Publisher = {Routledge},
	Title = {Creolization of language and culture},
	Year = {2001}}

@incollection{Hickey97,
	Author = {Hickey, Raymond},
	Booktitle = {Language history and linguistic modelling. {A} festschrift for {J}acek {F}isiak on his 60th birthday},
	Date-Added = {2017-11-26 03:15:55 +0000},
	Date-Modified = {2017-11-26 03:32:04 +0000},
	Editor = {Hickey, Raymond and Puppel, Stanis{\'O}aw},
	Publisher = {Mouton de Gruyter},
	Title = {Arguments for creolisation in {I}rish {E}nglish},
	Year = {1997},
	Bdsk-Url-1 = {http://citeseerx.ist.psu.edu/viewdoc/download?doi=10.1.1.463.1770&rep=rep1&type=pdf}}

@incollection{Smith08b,
	Author = {Smith, Norval},
	Booktitle = {Roots of creole structures: {W}eighing the contribution of substrates and superstrates},
	Date-Added = {2017-11-20 12:41:41 +0000},
	Date-Modified = {2017-12-20 03:25:35 +0000},
	Editor = {Michaelis, Susanne},
	address = {Amsterdam},
	Publisher = {John Benjamins Publishing Company},
	Title = {The origin of the {P}ortuguese words in {S}aramaccan: {I}mplications for sociohistory},
	Year = {2008b}}

@incollection{Zahedieh01,
	Author = {Zahedieh, Nuala},
	Booktitle = {The origins of empire: {B}ritish overseas enterprise to the close of the seventeenth century},
	Date-Added = {2017-11-19 22:54:27 +0000},
	Date-Modified = {2017-12-20 03:28:33 +0000},
	Editor = {Louis, William R. and Canny, Nicholas P. and Low, Alaine},
	address = {Oxford},
    Pages ={398--422},
	Publisher = {Oxford University Press},
	Title = {Overseas expansion and trade},
	Year = {2001}}

@book{Young73,
	Author = {Young, Peter and Roffe, Michael},
	Date-Added = {2017-11-19 22:52:44 +0000},
	Date-Modified = {2017-11-19 22:54:24 +0000},
	address = {Oxford},
	Publisher = {Osprey Publishing},
	Title = {The {E}nglish {C}ivil {W}ar armies},
	Year = {1973}}

@book{Wurm96,
	Author = {Wurm, Stephen and Mühlhäusler, Peter and Tryon, Darrell},
	Date-Added = {2017-11-19 22:50:53 +0000},
	Date-Modified = {2017-11-20 12:45:11 +0000},
	address = {Berlin; New York},
	Publisher = {Mouton de Gruyter},
	Title = {Atlas of languages of intercultural communication in the {P}acific, {A}sia and the {A}mericas},
	Year = {1996}}

@book{Wroughton06,
	Author = {Wroughton, John},
	Date-Added = {2017-11-19 22:49:41 +0000},
	Date-Modified = {2017-11-19 22:50:49 +0000},
	address = {London; New York},
	Publisher = {Routledge},
	Title = {The {R}outledge companion to the {S}tuart age, 1603--1714},
	Year = {2006}}

@misc{Wroughton,
	Author = {Wroughton, John},
	Date-Added = {2017-11-19 22:47:33 +0000},
	Date-Modified = {2017-12-20 03:31:03 +0000},
	Lastchecked = {February 17, 2011},
	Title = {{BBC-- {H}istory -- {B}ritish {H}istory in {D}epth: ``{T}he {C}ivil {W}ar in the {W}est." {BBC} -- {H}omepage}},
	Url = {http://www.bbc.co.uk/history/british/civil_war_revolution/west_01.sht ml},
	Bdsk-Url-1 = {http://www.bbc.co.uk/history/british/civil_war_revolution/west_01.sht%20ml}}

@book{Wilner07,
	Author = {Wilner, John},
	Date-Added = {2017-11-19 22:46:09 +0000},
	Date-Modified = {2017-12-04 19:22:54 +0000},
	Edition = {5},
	address = {Paramaribo, Suriname},
	Publisher = {Summer Institute of Linguistics},
	Title = {Wortubuku ini {S}ranan {T}ongo ({S}ranan {T}ongo -- {E}nglish dictionary)},
	Year = {2007}}

@book{Wilner92,
	Author = {Wilner, John},
	Date-Added = {2017-11-19 22:43:08 +0000},
	Date-Modified = {2017-12-04 19:23:00 +0000},
	Edition = {2},
	address = {Paramaribo, Suriname},
	Publisher = {Summer Institute of Linguistics},
	Title = {Wortubuku ini {S}ranan {T}ongo ({S}ranan {T}ongo -- {E}nglish dictionary)},
	Year = {1992}}

@incollection{Williams03,
	Author = {Williams, Jeffrey},
	Booktitle = {{Contact {E}nglishes of the {E}astern {C}aribbean}},
	Date-Added = {2017-11-19 22:41:24 +0000},
	Date-Modified = {2017-12-20 03:38:33 +0000},
	Editor = {Aceto, Michael and Williams, Jeffery},
	address = {Amsterdam},
	Publisher = {John Benjamins Publishing Company},
	Title = {The establishment and perpetuation of anglophone white enclave communities in the {E}astern {C}aribbean: {T}he case of {I}sland {H}arbor, {A}nguilla},
	Year = {2003}}

@incollection{Whitehead96,
	Author = {Whitehead, Neil},
	Booktitle = {The {C}ambridge history of the native peoples of the {A}mericas},
	Date-Added = {2017-11-19 22:38:30 +0000},
	Date-Modified = {2017-12-24 16:49:53 +0000},
	Editor = {Trigger, Bruce G. and Washburn, Wilcomb E. and Adams, Richard E. W. and Salomon, Frank and Macleod, Murdo. J. and Schwartz, Stuart. B.},
	address = {Cambridge},
	Publisher = {Cambridge University Press},
    Pages = {382--442},
	Title = {Northeastern {S}outh {A}merica (c. 1500--1900)},
	Year = {1996}}

@book{Wheeler02,
	Author = {Wheeler, James S.},
	Date-Added = {2017-11-19 22:37:47 +0000},
	Date-Modified = {2017-11-19 22:38:28 +0000},
	address = {London},
	Publisher = {Routledge},
	Title = {The {I}rish and {B}ritish wars, 1637--1654: {T}riumph, tragedy, and failure},
	Year = {2002}}

@book{Wells82,
	Author = {Wells, John C.},
	Date-Added = {2017-11-19 22:36:35 +0000},
	Date-Modified = {2017-11-19 22:37:45 +0000},
	address = {Cambridge},
	Publisher = {Cambridge University Press},
	Title = {Accents of {E}nglish},
	Volume = {2},
	Year = {1982}}

@book{Watts90,
	Author = {Watts, David},
	Date-Added = {2017-11-19 22:35:26 +0000},
	Date-Modified = {2017-11-19 22:36:31 +0000},
	address = {Cambridge},
	Publisher = {Cambridge University Press},
	Title = {The {W}est {I}ndies: {P}atterns of development, culture and environmental change since 1492},
	Year = {1990}}

@book{Ward04,
	Author = {Ward, Martha},
	Date-Added = {2017-11-19 22:34:22 +0000},
	Date-Modified = {2017-11-19 22:35:22 +0000},
	address = {Jackson},
	Publisher = {University Press of Mississippi},
	Title = {Voodoo {Q}ueen: {T}he spirited lives of {M}arie {L}aveau},
	Year = {2004}}

@book{Voorhoeve75,
	Author = {Voorhoeve, Jan and Lichtveld, Ursy M.},
	Date-Added = {2017-11-19 22:32:41 +0000},
	Date-Modified = {2017-11-19 22:34:20 +0000},
	address = {New Haven},
	Publisher = {Yale University Press},
	Title = {Creole drum; {A}n anthology of creole literature in {S}urinam},
	Year = {1975}}

@book{Fermin69,
	Author = {Von Fermin, Philippe},
	Date-Added = {2017-11-19 22:31:33 +0000},
	Date-Modified = {2017-12-04 01:46:14 +0000},
	address = {Amsterdam},
	Publisher = {E. van Harrevelt},
	Title = {Description G{\'e}n{\'e}rale, Historique, G{\'e}ographie et Physique De La Colonie De {S}urinam},
	Year = {1769}}

@book{Vieyra60,
	Author = {Vieyra, Anthony},
	Date-Added = {2017-11-19 22:30:22 +0000},
	Date-Modified = {2017-11-19 22:31:28 +0000},
	address = {Lisbon},
	Publisher = {Printed for F. Wingrave},
	Title = {A Dictionary of the {E}nglish and {P}ortuguese Languages: {I}n two parts,{E}nglish and {P}ortuguese, and {P}ortuguese and {E}nglish},
	Year = {1860}}

@book{Viereck90,
	Author = {Viereck, Wolfgang},
	Date-Added = {2017-11-19 22:27:45 +0000},
	Date-Modified = {2017-12-08 02:56:39 +0000},
	address = {Tübingen},
	Publisher = {Niemeyer},
	Title = {The Computer--Developed Linguistic Atlas of {E}ngland},
	Year = {1990}}

@article{Viereck97,
	Author = {Viereck, Wolfgang},
	Date-Added = {2017-11-19 22:25:02 +0000},
	Date-Modified = {2017-11-19 22:27:42 +0000},
	Journal = {{ICAME} Journal},
	Pages = {79--90},
	Title = {The Computer Developed Linguistic Atlas of {E}ngland, Volume 1 (1991) and 2 (1997): {D}ialectological, Computational and Interpretative Aspects},
	Volume = {21},
	Year = {1997}}

@misc{vcdhb,
	Author = {VCDHb},
	Date-Added = {2017-11-19 22:22:29 +0000},
	Date-Modified = {2017-12-19 21:09:50 +0000},
	Lastchecked = {Accessed July 11, 2009},
	Publisher = {Virtual Jamestown, Virginia Center for Digital History, University of Virginia},
	Title = {Virtual {J}amestown Registers of servants sent to foreign plantations},
	Url = {http://www.virtualjamestown.org/indentures/about_indentures.html},
	Bdsk-Url-1 = {http://www.virtualjamestown.org/indentures/advsearch_bristol.html}}

@misc{vcdh,
	Author = {VCDH},
	Date-Added = {2017-11-19 22:10:26 +0000},
	Date-Modified = {2017-12-19 21:40:37 +0000},
	Lastchecked = {Accessed July 11, 2009},
	Publisher = {Virtual Jamestown, Virginia Center for Digital History, University of Virginia},
	Title = {address of Origin Names in {B}ristol Registers (1654--1686)},
	Url = {http://www.virtualjamestown.org/indentures/advsearch_bristol.html},
	Bdsk-Url-1 = {http://www.virtualjamestown.org/indentures/advsearch_bristol.html}}

@book{Tuten03,
	Author = {Tuten, Donald N.},
	Date-Added = {2017-11-19 22:09:30 +0000},
	Date-Modified = {2017-11-19 22:10:19 +0000},
	address = {Berlin},
	Publisher = {Mouton de Gruyter},
	Title = {Koineization in Medieval {S}panish},
	Year = {2003}}

@incollection{Trudgill04,
	Author = {Trudgill, Peter},
	Booktitle = {A Handbook of Varieties of {E}nglish: {A} Multimedia Reference Tool. {P}honology},
	Date-Added = {2017-11-19 22:07:34 +0000},
	Date-Modified = {2017-12-24 17:10:03 +0000},
	Editor = {Kortmann, Bernd and Schneider, Edgar. W. and Burridge, Kate and Mesthrie, Rajend and Upton, Clive},
	Pages = {167--177},
	address = {Berlin},
	Publisher = {Mouton de Gruyter},
	Title = {The Dialect of {E}ast {A}nglia: {P}honology},
	Year = {2004}}

@incollection{Trudgill02,
	Author = {Trudgill, Peter},
	Booktitle = {Alternative Histories of {E}nglish},
	Date-Added = {2017-11-19 22:03:44 +0000},
	Date-Modified = {2017-11-19 22:07:29 +0000},
	Editor = {Watts, Richard and Trudgill, Peter},
	Pages = {29--44},
	address = {London},
	Publisher = {Routledge},
	Title = {The History of the Lesser--Known Varieties of {E}nglish},
	Year = {2002}}

@misc{National,
	Date-Added = {2017-11-19 21:58:46 +0000},
	Date-Modified = {2017-11-19 22:03:27 +0000},
	Lastchecked = {September 12, 2010},
	Publisher = {The National Archives},
	Title = {How to Use the Calendar of State Papers Colonial, 208 {A}merica and {W}est {I}ndies, 1573--1739},
	Url = {http://www.nationalarchives.gov.uk/records/research-guides/calendar- state-papers-colonial.htm},
	Bdsk-Url-1 = {http://www.nationalarchives.gov.uk/records/research-guides/calendar-%20state-papers-colonial.htm}}

@book{Stichting80,
	Author = {Stichting, Volkslectuur},
	Date-Added = {2017-11-19 21:56:32 +0000},
	Date-Modified = {2017-12-24 16:24:48 +0000},
	address = {Paramaribo},
	Publisher = {Vaco},
	Title = {Woordenlijst {S}ranan--{N}ederlands--{E}nglish: {M}et een lijst van planten-- en dierennamen},
	Year = {1980}}

@book{Souden88,
	Date-Added = {2017-11-19 21:55:11 +0000},
	Date-Modified = {2017-11-19 21:56:30 +0000},
	author = {Clark, Peter and Souden, David},
	address = {Totowa, N. J.},
	Publisher = {Barnes \& Noble},
	Title = {Migration and Society in Early Modern {E}ngland},
	Year = {1988}}

@inbook{Smith09,
	Author = {Smith, Norval},
	Booktitle = {Gradual Creolization: {S}tudies Celebrating {J}acques {A}rends},
	Date-Added = {2017-11-19 20:57:35 +0000},
	Date-Modified = {2017-12-24 16:54:38 +0000},
	Editor = {Arends, Jacques. and Selbach, Rachel. and Cardoso, Hugo. C. and van den Berg, Margot},
	address = {Amsterdam and Philadelphia},
	Publisher = {John Benjamins Publishing Company},
	Series = {Creole Language Library},
    Pages = {305--326},
	Title = {English--Speaking in {S}urinam?},
	Volume = {34},
	Year = {2009}}

@inbook{Smith2008b,
	Author = {Smith, Norval},
	Booktitle = {Roots of Creole Structures: {W}eighing the Contribution of Substrates and Superstrates},
	Date-Added = {2017-11-19 20:55:48 +0000},
	Date-Modified = {2017-11-19 20:57:23 +0000},
	Editor = {Michaelis, Susanne},
	Pages = {153--168},
	address = {Amsterdam},
	Publisher = {John Benjamins Publishing Company},
	Title = {The Origin of the {P}ortuguese Words in {S}aramaccan: {I}mplications for Sociohistory},
	Year = {2008}}

@incollection{Smith08,
	Author = {Smith, Norval},
	Booktitle = {Handbook of Pidgin and Creole Studies},
	Date-Added = {2017-11-19 20:54:05 +0000},
	Date-Modified = {2017-11-19 20:55:44 +0000},
	Editor = {Kouwenberg, Silvia and Singler, John V.},
	address = {Chichester; Malden, MA},
	Publisher = {Wiley-Blackwell Pub},
	Title = {Creole Phonology},
	Year = {2008}}

@incollection{Smith06,
	Author = {Smith, Norval},
	Booktitle = {L2 Acquisition and Creole Genesis: {D}ialogues},
	Date-Added = {2017-11-19 20:52:20 +0000},
	Date-Modified = {2017-12-24 16:55:42 +0000},
	Editor = {Lefebvre, Claire and White, Lydia and Jourdan, Christine},
	Pages = {49-65},
	address = {Amsterdam},
	Publisher = {John Benjamins Publishing Company},
	Title = {Very Rapid Creolization in the Restricted Motivation Hypothesis},
	Year = {2006}}

@incollection{Smith02,
	Author = {Smith, Norval},
	Booktitle = {Atlas of the Languages of Suriname,},
	Date-Added = {2017-11-19 20:50:16 +0000},
	Date-Modified = {2017-11-19 20:52:18 +0000},
	Editor = {Carlin, Eithne and Arends, Jacques},
	Pages = {131-151},
	Publisher = {KITLV Press},
	Title = {The Creole Languages of {S}urinam: {P}ast and Present},
	Year = {2002}}

@phdthesis{Smith87,
	Author = {Smith, Norval},
	Date-Added = {2017-11-19 20:48:54 +0000},
	Date-Modified = {2017-11-19 20:50:13 +0000},
	address = {Amsterdam},
	School = {Universiteit van Amsterdam},
	Title = {The Genesis of the Creole Languages of {S}urinam},
	Year = {1987}}

@article{Smith77,
	Author = {Smith, Norval},
	Date-Added = {2017-11-19 20:40:03 +0000},
	Date-Modified = {2017-11-19 20:48:50 +0000},
	Journal = {Amsterdam Studies},
	Pages = {1--31},
	Title = {Vowel epithesis in the {S}urinam Creoles},
	Volume = {1},
	Year = {1977}}

@incollection{Smith04,
	Author = {Smith, Norval and Haabo, Vinije},
	Booktitle = {A Handbook of Varieties of {E}nglish: {A} Multimedia Reference Tool. {P}honology},
	Date-Added = {2017-11-19 20:36:17 +0000},
	Date-Modified = {2017-12-04 00:03:46 +0000},
	Editor = {Kortmann, Bernd and Schneider, Edgar W. and Burridge, Kate and Mesthrie, Rajend and Upton, Clive},
	Pages = {525--566},
	address = {Berlin},
	Publisher = {Mouton de Gruyter},
	Title = {Suriname Creoles: {P}honology},
	Year = {2004}}

@book{Smith01,
	Author = {Smith, Norval and Veenstra, Tonjes},
	Date-Added = {2017-11-19 20:34:20 +0000},
	Date-Modified = {2017-11-19 20:36:13 +0000},
	address = {Amsterdam},
	Publisher = {John Benjamins Publishing Company},
	Title = {Creolization and Contact},
	Year = {2001}}

@book{Smith47,
	Author = {Smith, Abbot E. and IEAHC},
	Date-Added = {2017-11-19 02:42:17 +0000},
	Date-Modified = {2017-11-19 02:44:15 +0000},
	Publisher = {Published for the Institute of Early American History and Culture at Williamsburg, Va., by the University of North Carolina Press},
	Title = {Colonists in Bondage: {W}hite Servitude and Convict Labor in {A}merica, 1607--1776},
	Year = {1947}}

@incollection{Siegel04,
	Author = {Siegel, Jeff},
	Booktitle = {Creole Language Library},
	Date-Added = {2017-11-19 02:39:44 +0000},
	Date-Modified = {2017-12-24 16:47:57 +0000},
	Editor = {Smith, Norval and Veenstra, Tonjes},
	Number = {23},
	Pages = {175--198},
	address = {Amsterdam and Philadelphia},
	Publisher = {John Benjamins Publishing Company},
	Title = {Koine Formation and Creole Genesis},
	Year = {2004}}

@article{Siegel85,
	Author = {Siegel, Jeff},
	Date-Added = {2017-11-19 02:38:35 +0000},
	Date-Modified = {2017-11-19 02:39:33 +0000},
	Journal = {Language in Society},
	Number = {3},
	Pages = {357-378},
	Title = {Koines and Koineization},
	Volume = {14},
	Year = {1985}}

@book{Schwartz04,
	Author = {Schwartz, Stuart B.},
	Date-Added = {2017-11-19 02:36:13 +0000},
	Date-Modified = {2017-12-24 16:00:52 +0000},
	address = {Chapel Hill},
	Publisher = {University of North Carolina Press},
	Title = {Tropical {B}abylons: {S}ugar and the making of the {A}tlantic world, 1450--1680},
	Year = {2004}}

@misc{Schumann83,
	Author = {Schumann, C. L.},
	Date-Added = {2017-11-19 02:34:03 +0000},
	Date-Modified = {2017-12-24 16:15:18 +0000},
	Edition = {3},
	Lastchecked = {October 12, 2007},
	Title = {Neger--{E}nglisches W{\"o}rterbuch},
	Url = {http://www.sil.org/americas/suriname/Schumann/National/SchumannGerDict.html},
	Year = {1783},
	Bdsk-Url-1 = {http://www.sil.org/americas/suriname/Schumann/National/SchumannG%20erDict.html}}

@book{Schaefer98,
	Author = {Schaefer, Christina. K.},
	Date-Added = {2017-11-19 02:33:11 +0000},
	Date-Modified = {2017-12-24 16:16:53 +0000},
	address = {Baltimore},
	Publisher = {Genealogical Pub. Co.},
	Title = {Genealogical Encyclopedia of the Colonial {A}mericas: {A} Complete Digest of the Records of All the Countries of the Western Hemisphere},
	Year = {1998}}

@book{Saxon89,
	Author = {Saxon, Lyle},
	Date-Added = {2017-11-19 02:32:12 +0000},
	Date-Modified = {2017-11-19 02:32:54 +0000},
	address = {Louisiana},
	Publisher = {Pelican Publishing},
	Title = {Fabulous {N}ew {O}rleans},
	Year = {1989}}

@book{Salomon99,
	Author = {Salomon, Frank and Schwartz, Stuart B.},
	Date-Added = {2017-11-19 02:29:41 +0000},
	Date-Modified = {2017-11-19 02:32:07 +0000},
	address = {Cambridge},
	Publisher = {Cambridge University Press},
	Title = {Cambridge History of the Native Peoples of the {A}mericas},
	Volume = {3, South America, Part 2},
	Year = {1999}}

@misc{Sainsbury60,
	Booktitle = {Calendar of State Papers. {C}olonial series, {A}merica and {W}est {I}ndies, Volume 1: 1574--1660},
	Date-Added = {2017-11-19 02:27:12 +0000},
	Date-Modified = {2017-12-24 16:21:47 +0000},
	Editor = {Sainsbury, Noel},
	Lastchecked = {October 17, 2011},
	address = {London},
	Publisher = {British History Online},
	Title = {America and {W}est {I}ndies: {F}ebruary 1652},
	Url = {http://www.britishhistory.ac.uk/report.aspx?compid=69255&strquery=150 1860},
	Year = {1860},
	Bdsk-Url-1 = {http://www.britishhistory.%20ac.uk/report.aspx?compid=69255&strquery=150%201860}}

@misc{Sainsbury89b,
	Booktitle = {Calendar of State Papers. {C}olonial series, {A}merica and {W}est {I}ndies, Volume 7: 1666--1674},
	Date-Added = {2017-11-19 02:22:53 +0000},
	Date-Modified = {2017-12-24 16:26:26 +0000},
	Editor = {Sainsbury, Noel},
	Lastchecked = {Accessed October 19, 2011},
	address = {London},
	Publisher = {British History Online},
	Title = {America and {W}est {I}ndies: {O}ctober 1674},
	Url = {http://www.britishhistory.ac.uk/report.aspx?compid=70254&strquery=1669 1889},
	Year = {1889},
	Bdsk-Url-1 = {http://www.britishhistory.%20ac.uk/report.aspx?compid=70254&strquery=1669%201889}}

@misc{Sainsbury93b,
	Booktitle = {Calendar of State Papers. {C}olonial series, {A}merica and {W}est {I}ndies, Volume 9: 1675--1676 and Addenda 1574--1674},
	Date-Added = {2017-11-19 02:18:41 +0000},
	Date-Modified = {2017-12-24 16:27:07 +0000},
	Editor = {Sainsbury, Noel},
	Lastchecked = {October 11, 2011},
	address = {London},
	Publisher = {British History Online},
	Title = {America and {W}est {I}ndies: {M}ay 1676},
	Url = {http://www.britishhistory.ac.uk/report.aspx?compid=70108&strquery=1668, 1893},
	Year = {1893},
	Bdsk-Url-1 = {http://www.britishhistory.%20ac.uk/report.aspx?compid=70108&strquery=1668,%201893}}

@misc{Sainsbury80,
	Booktitle = {Calendar of State Papers. {C}olonial series, {A}merica and {W}est {I}ndies, Volume 5: 1661--1668},
	Date-Added = {2017-11-19 02:15:09 +0000},
	Date-Modified = {2017-12-24 16:31:56 +0000},
	Editor = {Sainsbury, Noel},
	Lastchecked = {October 13, 2011},
	Pages = {564--576},
	address = {London},
	Publisher = {British History Online},
	Title = {America and {W}est {I}ndies: {M}ay 1668},
	Url = {http://www.britishhistory.ac.uk/report.aspx?compid=76523&strquery=67+persons, 1880},
	Year = {1880},
	Bdsk-Url-1 = {http://www.britishhistory.%20ac.uk/report.aspx?compid=76523&strquery=67+persons,%201880}}

@misc{Sainsbury60b,
	Booktitle = {Calendar of State Papers. {C}olonial series, {A}merica and {W}est {I}ndies, Volume 1: 1574--1660},
	Date-Added = {2017-11-19 02:12:19 +0000},
	Date-Modified = {2017-12-24 16:33:50 +0000},
	Editor = {Sainsbury, Noel},
	Lastchecked = {October 18, 2011},
	address = {London},
	Publisher = {British History Online},
	Title = {America and {W}est {I}ndies: {J}uly 1660},
	Url = {http://www.britishhistory.ac.uk/report.aspx?compid=69347&strquery=Lord 1860},
	Year = {1860},
	Bdsk-Url-1 = {http://www.britishhistory.%20ac.uk/report.aspx?compid=69347&strquery=Lord%201860}}

@misc{Sainsbury93,
	Booktitle = {Calendar of State Papers. {C}olonial series, {A}merica and {W}est {I}ndies, Volume 9: 1675--1676 and Addenda 1574--1674},
	Date-Added = {2017-11-19 02:08:12 +0000},
	Date-Modified = {2017-12-24 16:36:20 +0000},
	Editor = {Sainsbury, Noel},
	Lastchecked = {December 8, 2009},
	address = {London},
	Publisher = {British History Online},
	Title = {America and {W}est {I}ndies: {J}anuary 1675},
	Url = {http://www.britishhistory.ac.uk/report.aspx?compid=70090},
	Year = {1893},
	Bdsk-Url-1 = {http://www.britishhistory.%20ac.uk/report.aspx?compid=70090}}

@misc{Sainsbury89,
	Booktitle = {Calendar of State Papers. {C}olonial series, {A}merica and {W}est {I}ndies, Volume 7: 1669--1674},
	Date-Added = {2017-11-19 02:05:13 +0000},
	Date-Modified = {2017-12-24 16:38:51 +0000},
	Editor = {Sainsbury, Noel},
	Lastchecked = {December 10, 2009},
	address = {London},
	Publisher = {British History Online},
	Title = {America and {W}est {I}ndies: {J}anuary 1672},
	Url = {http://www.britishhistory. ac.uk/report.aspx?compid=70219&strquery=1671, 1889},
	Year = {1889},
	Bdsk-Url-1 = {http://www.britishhistory.%20ac.uk/report.aspx?compid=70219&strquery=1671,%201889}}

@misc{Sainsbury89c,
	Booktitle = {Calendar of State Papers. {C}olonial series, {A}merica and {W}est {I}ndies, Volume 10: 1677--1680},
	Date-Added = {2017-11-19 01:58:16 +0000},
	Date-Modified = {2017-12-24 16:18:22 +0000},
	Editor = {Sainsbury, Noel and Fortescue, John W.},
	Lastchecked = {October 16, 2011},
	address = {London},
	Publisher = {British History Online},
	Title = {America and {W}est {I}ndies: {F}ebruary 1680},
	Url = {http://www.british-history.ac.uk/report.aspx?compid=69999&strquery= surinam 1889},
	Year = {1889},
	Bdsk-Url-1 = {http://www.british-history.ac.uk/report.aspx?compid=69999&strquery=%20surinam%201889}}

@book{Sacks93,
	Author = {Sacks, David H.},
	Date-Added = {2017-11-19 01:57:33 +0000},
	Date-Modified = {2017-11-19 01:58:13 +0000},
	address = {Berkeley},
	Publisher = {University of California Press},
	Title = {Bristol and the {A}tlantic Economy, 1450--1700},
	Year = {1993}}

@book{rhs24,
	Author = {RHS},
	Date-Added = {2017-11-19 01:55:29 +0000},
	Date-Modified = {2017-12-19 22:49:41 +0000},
	address = {Great Britain},
	Publisher = {Royal Historical Society},
	Title = {Camden Miscellany},
	Volume = {13},
	Year = {1924}}

@book{Roper07,
	Author = {Roper, Louis H. and Van Ruymbeke, Bertrand},
	Date-Added = {2017-11-19 01:54:31 +0000},
	Date-Modified = {2017-12-24 16:39:16 +0000},
	address = {Leiden},
	Publisher = {Brill},
	Title = {Constructing Early Modern Empires: {P}roprietary ventures in the {A}tlantic World, 1500--1750},
	Year = {2007}}

@book{Rogers89,
	Author = {Rogers, James E. T.},
	Date-Added = {2017-11-19 01:51:54 +0000},
	Date-Modified = {2017-12-24 16:40:26 +0000},
	address = {London},
	Publisher = {G. P. Putnam's Sons},
	Title = {The Economic interpretation of history: {L}ecturers delivered in {W}orcester College Hall, {O}xford, 1887--1888},
	Year = {1889}}

@book{Roca99,
	Author = {Roca, Iggy and Johnson, Wyn},
	Date-Added = {2017-11-19 01:50:49 +0000},
	Date-Modified = {2017-11-19 01:51:45 +0000},
	address = {Oxford},
	Publisher = {Blackwell Publishers},
	Title = {A Course in Phonology},
	Year = {1999}}

@book{Rens53,
	Author = {Rens, Lucien L. E},
	Date-Added = {2017-11-19 01:49:14 +0000},
	Date-Modified = {2017-11-19 01:50:27 +0000},
	address = {Amsterdam},
	Publisher = {North-Holland Pub. Co. Reprint, Hong Kong: forgottenbooks.org, 2010},
	Title = {The Historical and Social Background of {S}urinam's {N}egro-{E}nglish},
	Year = {1953}}

@book{Redfield00,
	Author = {Redfield, Peter},
	Date-Added = {2017-11-19 01:48:06 +0000},
	Date-Modified = {2017-12-24 16:41:00 +0000},
	address = {Berkeley},
	Publisher = {University of California Press},
	Title = {Space in the tropics: {F}rom Convicts to Rockets in {F}rench {G}uiana},
	Year = {2000}}

@misc{Pugh57,
	Author = {Pugh, Ralph B. and Crittall, Elizabeth},
	Booktitle = {A History of the County of Wiltshire},
	Date-Added = {2017-11-19 01:44:54 +0000},
	Date-Modified = {2017-11-19 20:32:18 +0000},
	Pages = {132-154},
	Publisher = {British History Online},
	Title = {Parliamentary History: 1629-1660},
	Url = {http://www.britishhistory.ac.uk/report.aspx?compid=116090},
	Volume = {5},
	Year = {1957},
	Bdsk-Url-1 = {http://www.britishhistory.ac.uk/report.aspx?compid=116090}}

@book{Price83,
	Author = {Price, Richard},
	Date-Added = {2017-11-19 01:44:07 +0000},
	Date-Modified = {2017-12-24 16:41:51 +0000},
	address = {Baltimore},
	Publisher = {Johns Hopkins University Press},
	Title = {First Time: {T}he Historical Vision of an {A}fro--{A}merican People},
	Year = {1983}}

@book{Powell05,
	Author = {Powell, John},
	Date-Added = {2017-11-19 01:43:17 +0000},
	Date-Modified = {2017-11-19 01:43:59 +0000},
	address = {New York},
	Publisher = {Facts On File},
	Title = {Encyclopedia of North American Immigration},
	Year = {2005}}

@incollection{Plag00,
	Author = {Plag, Ingo and Uffmann, Christian},
	Booktitle = {Degrees of Restructuring in Creole Languages},
	Date-Added = {2017-11-19 01:40:54 +0000},
	Date-Modified = {2017-12-24 16:51:29 +0000},
	Editor = {Neumann--Holzschuh, I and Schneider, Edgar. W.},
	Number = {22},
	Pages = {243--50},
	address = {Amsterdam},
	Publisher = {John Benjamins Publishing Company},
	Series = {Creole Language Library},
	Title = {Phonological Restructuring in Creole: {T}he Development of Paragoge in {S}ranan},
	Year = {2000}}

@incollection{Perl95,
	Author = {Perl, Matthais},
	Booktitle = {Early {S}uriname Creole Texts: {A} Collection of 18th Century {S}ranan and {S}aramaccan Documents},
	Date-Added = {2017-11-19 01:39:18 +0000},
	Date-Modified = {2017-12-24 16:58:17 +0000},
	Editor = {Arends, Jacques and Perl, Matthias},
	address = {Frankfurt-am-Main},
	Publisher = {Vervuert},
	Title = {Part II: {S}aramaccan},
	Year = {1995}}

@book{Pepys48,
	Author = {Pepys, Samuel and Braybrooke, Richard G.},
	Date-Added = {2017-11-19 01:38:11 +0000},
	Date-Modified = {2017-12-24 17:03:30 +0000},
	address = {London},
	Publisher = {H. Colburn},
	Title = {Diary and Correspondence of {S}amuel {P}epys, M.A. F.R.S.: {S}ecretary to the Admiralty in the Reigns of {C}harles {II}. and {J}ames {II}. with a Life and Notes},
	Year = {1848}}

@incollection{Penhallurick04,
	Author = {Penhallurick, Robert},
	Booktitle = {A Handbook of Varieties of {E}nglish: {A} Multimedia Reference Tool. {P}honology},
	Date-Added = {2017-11-19 01:34:51 +0000},
	Date-Modified = {2017-12-24 17:08:26 +0000},
	Editor = {Kortmann, Bernd and Schneider, Edgar W. and Burridge, Kate and Mesthrie, Rajend and Upton, Clive},
	Pages = {98--113},
	Publisher = {Mouton de Gruyter},
	Title = {Welsh {E}nglish: {P}honology},
	Year = {2004}}

@book{Penhallurick91,
	Author = {Penhallurick, Robert},
	Date-Added = {2017-11-19 01:34:01 +0000},
	Date-Modified = {2017-12-24 17:11:36 +0000},
	address = {Frankfurt am Main},
	Publisher = {Peter Lang},
	Title = {The {A}nglo--{W}elsh Dialects of {N}orth {W}ales: {A} Survey of Conservative Rural Spoken {E}nglish in the Counties of {G}wynedd and {C}lwyd},
	Year = {1991}}

@book{Parry79,
	Author = {Parry, David},
	Date-Added = {2017-11-19 01:32:53 +0000},
	Date-Modified = {2017-11-19 01:33:59 +0000},
	address = {Swansea},
	Publisher = {University College},
	Title = {The Survey of {A}nglo-{W}elsh Dialects. 2. The South-West},
	Year = {1979}}

@book{Parry77,
	Author = {Parry, David},
	Date-Added = {2017-11-19 01:32:05 +0000},
	Date-Modified = {2017-11-19 01:32:50 +0000},
	address = {Swansea},
	Publisher = {University College},
	Title = {The Survey of {A}nglo-{W}elsh Dialects. 1. The South-East},
	Year = {1977}}

@book{Parker11,
	Author = {Parker, Matthew},
	Date-Added = {2017-11-19 01:31:06 +0000},
	Date-Modified = {2017-12-24 17:12:09 +0000},
	address = {London},
	Publisher = {Hutchinson},
	Title = {The Sugar Barons: {F}amily, Corruption, Empire and War},
	Year = {2011}}

@book{Paravisini96,
	Author = {Paravisini--Gebert, Lizabet},
	Date-Added = {2017-11-19 01:30:04 +0000},
	Date-Modified = {2017-12-24 17:12:49 +0000},
	address = {New Brunswick, New Jersey},
	Publisher = {Rutgers University Press},
	Title = {Phyllis {S}hand {A}llfrey: {A} {C}aribbean life},
	Year = {1996}}

@misc{Page97,
	Author = {Page, Eimer},
	Booktitle = {The Imperial Archive Project},
	Date-Added = {2017-11-19 01:28:05 +0000},
	Date-Modified = {2017-11-25 20:46:56 +0000},
	Lastchecked = {May 13, 1997},
	Title = {Postcolonial Discourse in Wide Sargasso Sea},
	Url = {http://www.qub.ac.uk/imperial/carib/sargasso.htm.},
	Year = {1997},
	Bdsk-Url-1 = {http://www.qub.ac.uk/imperial/carib/sargasso.htm.}}

@book{Orton68,
	Author = {Orton, Harold and Dieth, Eugen},
	Date-Added = {2017-11-19 01:25:25 +0000},
	Date-Modified = {2017-11-19 01:27:52 +0000},
	address = {Leeds},
	Publisher = {E. J. Arnold \& Son},
	Title = {Survey of {E}nglish Dialects},
	Volume = {4, Part 3},
	Year = {1968}}

@book{Orton62,
	Author = {Orton, Harold and Dieth, Eugen},
	Date-Added = {2017-11-19 01:23:57 +0000},
	Date-Modified = {2017-11-19 01:25:14 +0000},
	address = {Leeds},
	Publisher = {E. J. Arnold \& Son},
	Title = {Survey of {E}nglish Dialects},
	Volume = {1},
	Year = {1962}}

@book{Orton70,
	Author = {Orton, Harold and Tilling, Philip M.},
	Date-Added = {2017-11-19 01:22:13 +0000},
	Date-Modified = {2017-12-24 17:13:40 +0000},
	address = {Leeds},
	Publisher = {E. J. Arnold \& Son},
	Title = {Survey of {E}nglish Dialects: {T}he East Midland Counties and {E}ast {A}nglia. Vol. 2.},
	Year = {1970}}

@book{Orton70b,
	Author = {Orton, Harold and Barry, Michael V.},
	Date-Added = {2017-11-19 01:20:43 +0000},
	Date-Modified = {2017-12-24 17:14:02 +0000},
	Publisher = {E. J. Arnold \& Son},
	Title = {Survey of {E}nglish Dialects: {T}he West Midland Counties},
	Volume = {2},
	Year = {1970b}}

@book{Orton6271,
	Author = {Orton, Harold  and Halliday, W. J. and Barry, M. V.},
	Date-Added = {2017-11-19 01:18:42 +0000},
	Date-Modified = {2017-12-24 17:16:24 +0000},
	address = {Leeds},
	Publisher = {E. J. Arnold \& Son},
	Title = {Survey of {E}nglish Dialects: {B}asic Materials. {I}ntroduction and 4 Vols. (each in 3 Parts).},
	Year = {1962--71}}

@book{Nicholas72,
	Author = {Nicholas, Thomas},
	Date-Added = {2017-11-19 01:16:31 +0000},
	Date-Modified = {2017-12-24 17:17:34 +0000},
	address = {London},
	Publisher = {Longmans, Green, Reader},
	Title = {Annals and antiquities of the counties and county families of {W}ales: {C}ontaining a record of all ranks of the gentry ... With Many Ancient Pedigrees and Memorials of Old and Extinct Families},
	Year = {1872}}

@inbook{Muysken86,
	Author = {Muysken, Pieter and Smith, Norval},
	Booktitle = {Creole Language Library},
	Date-Added = {2017-11-19 01:13:13 +0000},
	Date-Modified = {2017-12-24 17:18:25 +0000},
    Pages = {1--14},
	Number = {1},
	Publisher = {John Benjamins Publishing Company},
	Title = {Substrata versus universals in creole genesis: {P}apers from the {A}msterdam creole workshop, {A}pril 1985},
	Year = {1986}}

@inbook{Mufwene08b,
	Author = {Mufwene, Salikoko},
	Booktitle = {Origin and evolution of languages: {A}pproaches, models, paradigms},
	Date-Added = {2017-11-19 01:02:56 +0000},
	Date-Modified = {2017-12-20 03:27:23 +0000},
	Editor = {Bernard Laks},
    Pages ={272--297},
	Publisher = {Equinox},
	Title = {What do creoles and pidgins tell us about the evolution of language?},
	Year = {2008b}}

@book{Mufwene08,
	Author = {Mufwene, Salikoko},
	Date-Added = {2017-11-19 01:01:46 +0000},
	Date-Modified = {2017-12-24 17:19:33 +0000},
	address = {London},
	Publisher = {Continuum},
	Title = {Language Evolution: {C}ontact, Competition and Change},
	Year = {2008}}

@book{Mufwene01,
	Author = {Mufwene, Salikoko},
	Date-Added = {2017-11-19 01:00:34 +0000},
	Date-Modified = {2017-12-24 17:19:00 +0000},
	address = {Cambridge and New York},
	Publisher = {Cambridge University Press},
	Title = {The Ecology of Language Evolution: {C}ambridge Approaches to Language Contact},
	Year = {2001}}

@article{Mufwene96,
	Author = {Mufwene, Salikoko},
	Date-Added = {2017-11-19 00:59:31 +0000},
	Date-Modified = {2017-11-19 01:00:30 +0000},
	Journal = {Diachronica},
	Number = {1},
	Pages = {83-134},
	Title = {The Founder Principle in Creole Genesis},
	Volume = {13},
	Year = {1996}}

@book{Morgan11,
	Author = {Morgan, Phillip},
	Date-Added = {2017-11-19 00:57:57 +0000},
	Date-Modified = {2017-12-24 17:20:20 +0000},
	Editor = {David, Eltis and Engerman, Stanley L. and Bradley, K. and Cartledge, Paul},
	address = {Cambridge},
	Publisher = {Cambridge University Press},
	Title = {The {C}ambridge World History of Slavery: {A.D.} 1420--{A.D}. 1804},
	Volume = {3},
	Year = {2011}}

@book{Morgan93,
	Author = {Morgan, Kenneth},
	Date-Added = {2017-11-19 00:55:52 +0000},
	Date-Modified = {2017-11-19 00:56:52 +0000},
	address = {Cambridge},
	Publisher = {Cambridge University Press},
	Title = {Bristol and the {A}tlantic Trade in the Eighteenth Century},
	Year = {1993}}

@misc{Mogge77,
	Author = {Mogge, Willem},
	Date-Added = {2017-11-19 00:53:36 +0000},
	Date-Modified = {2017-11-19 00:55:41 +0000},
	address = {Amsterdam},
	Publisher = {John Carter Brown Library},
	Title = {Caerte Ofte Vertooninge Vande Rivieren Van {S}uriname En Commenwijne Met Verscheyde Creken Uyt Deselue Spruijtende Als Para Surinoo En Cotteca Ende Ander Meergelyck Die Nu Tegen Woordich Bewoont Verden [Map of the {S}urinam and {C}ommewijne Rivers. Cartographic Elements Include Scale, Compass Rose, Location of Rivers, Settlements, and Fort]},
	Year = {1677}}

@book{Menard06,
	Author = {Menard, Russell R.},
	Date-Added = {2017-11-19 00:52:37 +0000},
	Date-Modified = {2017-12-24 17:21:30 +0000},
	address = {Charlottesville},
	Publisher = {University of Virginia Press},
	Title = {Sweet Negotiations: {S}ugar, Slavery, and Plantation Agriculture in Early {B}arbados},
	Year = {2006}}

@book{McWhorter00b,
	Author = {McWhorter, John H. and Society for Pidgin and Creole Linguistics},
	Date-Added = {2017-11-19 00:51:12 +0000},
	Date-Modified = {2017-11-19 00:52:28 +0000},
	address = {Amsterdam and Philadelphia},
	Publisher = {John Benjamins Publishing Company},
	Title = {Language Change and Language Contact in Pidgins and Creoles},
	Year = {2000}}

@book{McWhorter11,
	Author = {McWhorter, John H.},
	Date-Added = {2017-11-19 00:49:40 +0000},
	Date-Modified = {2017-12-24 17:34:26 +0000},
	address = {Berlin},
	Publisher = {de Gruyter},
	Title = {Linguistic Simplicity and Complexity: {W}hy Do Languages Undress?},
	Year = {2011}}

@book{McWhorter05,
	Author = {McWhorter, John H.},
	Date-Added = {2017-11-19 00:46:51 +0000},
	Date-Modified = {2017-11-19 00:49:37 +0000},
	address = {New York},
	Publisher = {Oxford University Press},
	Title = {Defining Creole},
	Year = {2005}}

@book{McWhorter00,
	Author = {McWhorter, John H.},
	Date-Added = {2017-11-19 00:43:50 +0000},
	Date-Modified = {2017-12-24 17:35:00 +0000},
	address = {Berkeley},
	Publisher = {University of California Press},
	Title = {The Missing {S}panish Creoles: {R}ecovering the Birth of Plantation Contact Languages},
	Year = {2000}}

@article{McWhorter98,
	Author = {McWhorter, John H.},
	Date-Added = {2017-11-19 00:36:06 +0000},
	Date-Modified = {2017-12-24 17:35:28 +0000},
	Journal = {Language},
	Number = {4},
	Pages = {788--818},
	Title = {Identifying the Creole Prototype: {V}indicating a Typological Class},
	Volume = {74},
	Year = {1998}}

@book{McCusker91,
	Author = {McCusker, John J. and Menard, Russell R.},
	Date-Added = {2017-11-19 00:30:38 +0000},
	Date-Modified = {2017-11-19 00:36:01 +0000},
	Edition = {2},
	address = {Chapel Hill},
	Publisher = {University of North Carolina Press},
	Title = {The Economy of {B}ritish {A}merica, 1607--1789},
	Year = {1991}}

@book{Mather75,
	Date-Added = {2017-11-18 23:41:46 +0000},
	Date-Modified = {2017-12-24 17:36:34 +0000},
	Editor = {Mather, James Y. and Speitel, H. H},
	address = {Hamden, Conn.},
	Publisher = {Archon Books},
	Title = {The Linguistic Atlas of {S}cotland: {S}cots Section 1},
	Year = {1975}}

@book{Marley05,
	Author = {Marley, David},
	Date-Added = {2017-11-18 23:40:56 +0000},
	Date-Modified = {2017-12-24 17:37:12 +0000},
	address = {California},
	Publisher = {ABC--CLIO},
	Title = {Historic Cities of the {A}mericas: {A}n Illustrated Encyclopedia},
	Year = {2005}}

@book{Manning06,
	Author = {Manning, Roger B.},
	Date-Added = {2017-11-18 21:57:56 +0000},
	Date-Modified = {2017-12-24 17:37:41 +0000},
	address = {Oxford and New York},
	Publisher = {Oxford University Press},
	Title = {An Apprenticeship in Arms: {T}he Origins of the {B}ritish Army 1585--1702},
	Year = {2006}}

@book{MacMillan70,
	Author = {MacMillan, William M.},
	Date-Added = {2017-11-18 21:55:29 +0000},
	Date-Modified = {2017-12-24 17:38:37 +0000},
	address = {Freeport, New York},
	Publisher = {Books for Libraries Press},
	Reprint = {1959},
	Title = {The Road to Self--Rule: {A} Study in Colonial Evolution},
	Year = {1970}}

@article{Macaulay77,
	Author = {Macaulay, Ronald K. S.},
	Date-Added = {2017-11-18 21:32:27 +0000},
	Date-Modified = {2017-12-24 17:36:18 +0000},
	Editor = {Mather and Speitel},
	Journal = {Language Journal of the Linguistic Society of {A}merica},
	Number = {1},
	Pages = {224--228},
	Title = {Review of the Linguistic Atlas of {S}cotland: {S}cots Section},
	Volume = {53},
	Year = {1977}}

@inbook{Lumsden99,
	Author = {Lumsden, John S.},
	Booktitle = {Language Creation and Language Change: {C}reolization, Diachrony and Development},
	Date-Added = {2017-11-18 21:27:17 +0000},
	Date-Modified = {2017-12-24 17:40:45 +0000},
	Editor = {M. DeGraff},
	address = {Cambridge, Mass.},
	Publisher = {MIT Press},
	Title = {Language acquisition and creolization},
	Year = {1999}}

@book{Ligon73,
	Author = {Ligon, Richard},
	Date-Added = {2017-11-18 21:25:58 +0000},
	Date-Modified = {2017-11-19 00:21:23 +0000},
	address = {London},
	Publisher = {Peter Parker},
	Title = {A True and Exact History of the Island of {B}arbadoes},
	Year = {1673}}

@book{Lefebvre04,
	Author = {Lefebvre, Claire},
	Date-Added = {2017-11-18 21:12:01 +0000},
	Date-Modified = {2017-11-19 00:21:07 +0000},
	address = {Amsterdam},
	Publisher = {John Benjamins Publishing Company},
	Title = {Issues in the Study of Pidgin and Creole Languages},
	Year = {2004}}

@misc{lavc09,
	Author = {{Leads Archive of Vernacular Culture (LAVC)}},
	Date-Added = {2017-11-18 21:07:19 +0000},
	Date-Modified = {2017-11-30 00:17:09 +0000},
	Lastchecked = {July 18, 2009},
	Month = {July},
	Title = {Introduction to Incidental Material Documents},
	Url = {http://www.leeds.ac.uk/library/spcoll/lavc/IMdocs.htm.},
	Bdsk-Url-1 = {http://www.leeds.ac.uk/library/spcoll/lavc/IMdocs.htm.}}

@misc{Larget07,
	Author = {Larget, Bert},
	Date-Added = {2017-11-18 21:04:39 +0000},
	Date-Modified = {2017-12-24 17:41:21 +0000},
	Title = {Probability Distribution: {R} Help},
	Url = {http://www.stat.wisc.edu/~larget/R/prob-R.pdf},
	Year = {2007},
	Bdsk-Url-1 = {http://www.stat.wisc.edu/~larget/R/prob-R.pdf}}

@phdthesis{Kramp83,
	Author = {Kramp, Andre},
	Date-Added = {2017-11-18 21:01:17 +0000},
	Date-Modified = {2017-12-24 16:15:47 +0000},
	address = {Leiden},
	School = {Rijksuniversitet te Leiden},
	Title = {Early Creole Lexicography: {A} Study of {C}. {L}. {S}chumann's Manuscript Dictionary of Early {S}ranan},
	Year = {1983}}

@inbook{Kortmann04,
	Author = {Kortmann, Bernd and Edgar Schneider},
	Booktitle = {A Handbook of Varieties of {E}nglish: {A} Multimedia Reference Tool. {P}honology},
	Date-Added = {2017-11-18 20:54:37 +0000},
	Date-Modified = {2017-12-24 17:07:34 +0000},
	Editor = {Kortmann, Bernd and Schneider, Edgar W. and Burridge, Kate and Mesthrie, Rajend and Upton, Clive},
	Pages = {25--35},
	address = {Berlin},
	Publisher = {Mouton de Gruyter},
	Title = {Introduction: {V}arieties of {E}nglish in the {B}ritish {I}sles},
	Year = {2004}}

@book{Kolb79,
	Author = {Kolb, Eduard},
	Date-Added = {2017-11-18 20:40:20 +0000},
	Date-Modified = {2017-11-19 00:20:22 +0000},
	address = {Bern},
	Publisher = {Francke},
	Title = {Atlas of {E}nglish Sounds},
	Year = {1979}}

@phdthesis{Kihm80,
	Author = {Kihm, Alain},
	Date-Added = {2017-11-18 20:32:09 +0000},
	Date-Modified = {2017-11-19 00:20:09 +0000},
	address = {Paris},
	School = {Universit{\'e} de Paris III, Sorbonne nouvelle},
	Title = {Aspects D'une Syntaxe Historique: {\'E}tudes Sur Le Cr{\'e}ole Portugais De Guin{\'e}e-Bissau},
	Year = {1980}}

@book{Kenny06,
	Author = {Kenny, Kevin},
	Date-Added = {2017-11-18 20:31:08 +0000},
	Date-Modified = {2017-11-19 00:19:53 +0000},
	address = {Oxford},
	Publisher = {Oxford University Press},
	Title = {Ireland and the {B}ritish Empire},
	Year = {2006}}

@book{Kennedy09,
	Author = {Kennedy, David M. and Lizabeth Cohen and Thomas A. Bailey},
	Date-Added = {2017-11-18 20:20:04 +0000},
	Date-Modified = {2017-11-19 00:19:42 +0000},
	Edition = {14},
	address = {London},
	Publisher = {Cengage Learning},
	Title = {The {A}merican Pageant},
	Year = {2009}}

@book{Keesing88,
	Author = {Keesing, Roger},
	Date-Added = {2017-11-18 20:19:01 +0000},
	Date-Modified = {2017-11-19 00:19:25 +0000},
	address = {Stanford},
	Publisher = {Stanford University Press},
	Title = {Melanesian Pidgin and {O}ceanic Substrate},
	Year = {1988}}

@book{Kaufman05,
	Author = {Kaufman, Will and Macpherson, Heidi S. },
	Date-Added = {2017-11-18 20:04:07 +0000},
	Date-Modified = {2017-12-24 17:42:05 +0000},
	address = {California},
	Publisher = {ABC--CLIO},
	Title = {Britain and the {A}mericas: {C}ulture, Politics, and History},
	Year = {2005}}

@book{Kambel99,
	Author = {Kambel, Ellen-Rose and Fergus MacKay},
	Date-Added = {2017-11-18 19:54:17 +0000},
	Date-Modified = {2017-12-16 15:49:47 +0000},
	address = {Copenhagen},
	Publisher = {International Work Group for Indigenous Affairs},
	Title = {The Rights of Indigenous Peoples and {M}aroons in {S}uriname},
	Year = {1999}}

@periodical{Jones62,
	Author = {Jones, W. H.},
	Date-Added = {2017-11-18 19:52:09 +0000},
	Date-Modified = {2017-12-19 22:32:26 +0000},
	Journal = {The Wiltshire Archaeological and Natural History Magazine},
	Pages = {278-301},
	Title = {The Wiltshire Possessions of the Abbess of Shaftesbury},
	Volume = {7},
	Year = {1862}}

@book{Johnson22,
	Author = {Johnson, Emory R.},
	Date-Added = {2017-11-18 19:51:08 +0000},
	Date-Modified = {2017-11-19 00:04:21 +0000},
	address = {Washington},
	Publisher = {Carnegie Institution of Washington},
	Title = {History of Domestic and Foreign Commerce of the United States 1},
	Year = {1922}}

@book{James98,
	Author = {James, Winston},
	Date-Added = {2017-11-18 19:49:10 +0000},
	Date-Modified = {2017-12-24 17:42:50 +0000},
	address = {London},
	Publisher = {Verso},
	Title = {Holding Aloft the Banner of {E}thiopia: {C}aribbean Radicalism in Early Twentieth--Century {A}merica},
	Year = {1998}}

@book{Jacobs09,
	Author = {Jacobs, Jaap and Hermann Wellenreuther},
	Date-Added = {2017-11-18 19:47:58 +0000},
	Date-Modified = {2017-12-24 17:43:42 +0000},
	address = {Berlin},
	Publisher = {Lit. Verlag},
	Title = {Jacob {L}eisler's {A}tlantic World in the Later Seventeenth Century: {E}ssays on Religions, Militia, Trade and Networks},
	Year = {2009}}

@misc{bho09,
    Author = {BHO},
	Date-Added = {2017-11-18 19:44:09 +0000},
	Date-Modified = {2017-11-30 00:21:48 +0000},
	Lastchecked = {February 12, 2009},
	Month = {February},
	Title = {British History Online},
	Url = {http://www.british-history.ac.uk/Default.aspx},
	Year = {Accessed February 12, 2009},
	Bdsk-Url-1 = {http://www.british-history.ac.uk/Default.aspx}}

@book{Hyamson08,
	Author = {Hymason, Albert M.},
	Date-Added = {2017-11-18 19:31:46 +0000},
	Date-Modified = {2017-11-20 01:08:18 +0000},
	address = {London},
	Publisher = {Chatto and Windus},
	Title = {A history of the {J}ews in {E}ngland},
	Year = {1908}}

@book{Huttar94,
	Author = {Huttar, George L. and Mary L. Huttar},
	Date-Added = {2017-11-18 19:30:48 +0000},
	Date-Modified = {2017-11-18 23:46:45 +0000},
	address = {London},
	Publisher = {Routledge},
	Title = {Ndyuka},
	Year = {1994}}

@book{Huber99,
	Author = {Huber, Magnus and Parkvall, Mikael},
	Date-Added = {2017-11-18 19:27:04 +0000},
	Date-Modified = {2017-12-24 17:44:44 +0000},
	address = {London},
	Publisher = {University of Westminster Press},
	Title = {Spreading the Word: {T}he Issue of Diffusion among the {A}tlantic Creoles},
	Year = {1999}}

@book{Hotten74,
	Author = {Hotten, John C.},
	Date-Added = {2017-11-18 19:22:55 +0000},
	Date-Modified = {2017-12-24 17:45:53 +0000},
	address = {Baltimore},
	Publisher = {Genealogical Pub. Co.},
	Title = {The Original Lists of Persons of Quality: {E}migrants; Religious Exiles; Political Rebels; Serving Men Sold for a Term of Years; Apprentices; Children Stolen; Maidens Pressed; and Others Who Went from {G}reat {B}ritain to the {A}merican Plantations, 1600--1700.},
	Year = {1874}}

@book{Hornsby05,
	Author = {Hornsby, Stephen and Moll Hermann},
	Date-Added = {2017-11-18 19:21:12 +0000},
	Date-Modified = {2017-12-24 17:46:40 +0000},
	address = {Hannover},
	Publisher = {University Press of New England},
	Title = {British {A}tlantic, {A}merican Frontier: {S}paces of power in early modern {B}ritish {A}merica},
	Year = {2005}}

@book{Holtrop23,
	Date-Added = {2017-11-18 19:14:42 +0000},
	Date-Modified = {2017-11-18 19:21:09 +0000},
	Editor = {A. Stevenson},
	address = {Dordrecht},
	Publisher = {Bluss{\'e} en van Braam},
	Title = {John {H}oltrop's {E}nglish and {D}utch Dictionary},
	Year = {1823}}

@inbook{Holm94,
	Author = {Holm, John},
	Booktitle = {The {C}ambridge history of the {E}nglish language. {E}nglish in {B}ritain and overseas: {O}rigins and development},
	Date-Added = {2017-11-18 19:11:05 +0000},
	Date-Modified = {2017-12-24 17:47:50 +0000},
	Editor = {Robert Burchfield},
	Pages = {328--380},
	address = {Cambridge and New York},
	Publisher = {Cambridge University Press},
	Title = {English in the Caribbean},
	Year = {1994}}

@book{Holm89,
	Author = {Holm, John},
	Date-Added = {2017-11-18 19:08:26 +0000},
	Date-Modified = {2017-12-24 17:48:14 +0000},
	address = {New York},
	Publisher = {Cambridge University Press},
	Title = {Pidgins and Creoles: {R}eference Survey},
	Volume = {2},
	Year = {1989}}

@book{Holm88,
	Author = {Holm, John},
	Date-Added = {2017-11-18 19:06:24 +0000},
	Date-Modified = {2017-12-24 17:48:35 +0000},
	address = {New York},
	Publisher = {Cambridge University Press},
	Title = {Pidgins and Creoles: {T}heory and Structure},
	Volume = {1},
	Year = {1988}}

@book{Hoefte98,
	Author = {Hoefte, Rosemarijn},
	Date-Added = {2017-11-15 01:54:32 +0000},
	Date-Modified = {2017-12-24 17:49:13 +0000},
	address = {Gainesville},
	Publisher = {University Press of Florida},
	Title = {In address of Slavery: {A} social history of {B}ritish {I}ndian and {J}avanese laborers in {S}uriname},
	Year = {1998}}

@inbook{Hinskens09,
	Author = {Hinskens, Frans},
    Booktitle = {Variation and gradience in phonetics and phonology},
	Date-Added = {2017-11-15 01:52:29 +0000},
	Date-Modified = {2017-11-15 01:54:30 +0000},
	Editor = {Frank Kügler, Caroline F{\'e}ry and Ruben van de Vijver,},
	Pages = {311-350},
	address = {Berlin},
	Publisher = {Mouton de Gruyter},
	Title = {The erosion of a variable process. {T}he case of n--deletion in {R}ipuarian and {L}imburg dialects of {D}utch},
	Year = {2009}}

@book{Hickey04,
	Author = {Hickey, Raymond},
	Date-Added = {2017-11-15 01:51:29 +0000},
	Date-Modified = {2017-11-19 23:22:28 +0000},
	address = {Berlin; New York},
	Publisher = {Mouton de Gruyter},
	Title = {A Sound Atlas of {I}rish {E}nglish},
	Year = {2004}}

@book{Heywood07,
	Author = {Heywood, Linda M. and Thornton, John K.},
	Date-Added = {2017-11-15 01:49:50 +0000},
	Date-Modified = {2017-11-19 23:22:22 +0000},
	address = {New York},
	Publisher = {Cambridge University Press},
	Title = {Central {A}fricans, {A}tlantic Creoles, and the Foundation of the {A}mericas, 1585--1660.},
	Year = {2007}}

@book{Herlein18,
	Author = {Herlein, J. D.},
	Date-Added = {2017-11-15 01:48:02 +0000},
	Date-Modified = {2017-11-15 01:49:19 +0000},
	address = {Te Leeuwarden},
	Publisher = {Meindert Injema.},
	Title = {Beschrijvinge Van De Volk-Plantinge {Z}uriname' -- the Early {S}urinamese Creoles in the {S}uriname Creole Archive},
	Year = {1718}}

@article{Henry58,
	Author = {Henry, Patrick},
	Date-Added = {2017-11-15 01:44:52 +0000},
	Date-Modified = {2017-11-15 01:47:50 +0000},
	Journal = {Norsk Tidsskrift for Sprogvidenskap},
	Pages = {49--208},
	address = {Lochlann},
	Title = {A Linguistic Survey of {I}reland. {P}reliminary report},
	Volume = {1},
	Year = {1958}}

@inbook{Healy93,
	Author = {Healy, Maureen},
	Booktitle = {Atlantic Meets {P}acific: {A} global view of pidginization and creolization; selected papers from the {Society for Pidgin and Creole Linguistics}},
	Date-Added = {2017-11-15 01:41:58 +0000},
	Date-Modified = {2017-12-24 17:50:42 +0000},
	Editor = {Byrne, Francis and Holm, John A.},
	Pages = {279--289},
	address = {Amsterdam},
	Publisher = {John Benjamins Publishing Company},
	Series = {Creole Language Library},
	Title = {The parallel continuum model for {S}uriname: {A} preliminary study},
	Volume = {11},
	Year = {1993}}

@book{Harlow26,
	Author = {Harlow, Vincent T},
	Date-Added = {2017-11-15 01:40:38 +0000},
	Date-Modified = {2017-11-15 01:41:41 +0000},
	address = {Oxford},
	Publisher = {Clarendon Press},
	Title = {A History of {B}arbados, 1625--1685},
	Year = {1926}}

@book{Hargreaves97,
	Author = {Hargreaves--Mawdsley, R. and Bowman, William D.},
	Date-Added = {2017-11-15 01:38:10 +0000},
	Date-Modified = {2017-12-24 17:53:30 +0000},
	address = {Baltimore},
	Publisher = {This List Is Compiled and Published from Records of the Corporation of the City of Bristol, England. Baltimore: Reprinted for Clearfield by the Genealogical Pub. Co.},
	Title = {Bristol and {A}merica: {A} Record of the First Settlers in the Colonies of {N}orth {A}merica, 1654--1685, Including the Names with addresss of Origin of More Than 10,000 Servants to Foreign Plantations Who Sailed from the Port of {B}ristol to {V}irginia, {M}aryland, and Other Parts of the {A}tlantic Coast, and Also to the {W}est {I}ndies from 1654--1685.},
	Year = {1997}}

@book{Hanks11,
	Author = {Hanks, Reuel},
	Date-Added = {2017-11-15 01:37:13 +0000},
	Date-Modified = {2017-11-15 01:38:08 +0000},
	address = {California},
	Publisher = {ABC-CLIO},
	Title = {Encyclopedia of Geography Terms, Themes, and Concepts},
	Year = {2011}}

@book{Hall66,
	Author = {Hall, Robert A},
	Date-Added = {2017-11-15 01:36:01 +0000},
	Date-Modified = {2017-11-15 01:37:04 +0000},
	address = {Ithaca, New York},
	Publisher = {Cornell University Press},
	Title = {Pidgin and Creole Languages},
	Year = {1966}}

@article{Hall53,
	Author = {Hall, Robert A},
	Date-Added = {2017-11-15 01:34:00 +0000},
	Date-Modified = {2017-12-24 17:54:13 +0000},
	Journal = {{Memoirs of the American Anthropology Association}},
	Number = {74},
	address = {Philadelphia},
	Publisher = {American Folklore Society},
	Title = {Haitian Creole: {G}rammar, Texts, Vocabulary},
	Year = {1953}}

@book{Griffiths97,
	Date-Added = {2017-11-15 01:29:08 +0000},
	Date-Modified = {2017-11-19 23:19:51 +0000}, 
	Editor = {Griffiths, Ralph and Griffiths, George E},
	address = {London},
	Publisher = {printed for R. Griffiths},
	Title = {The Monthly Review; or Literary Journal},
	Volume = {24},
	Year = {1797}}

@book{Griffin01,
	Author = {Griffin, Patrick},
	Date-Added = {2017-11-15 01:27:34 +0000},
	Date-Modified = {2017-12-24 17:55:14 +0000},
	address = {Princeton, New Jersey},
	Publisher = {Princeton University Press},
	Title = {The People with No Name: {I}reland's {U}lster {S}cots, {A}merica's {S}cots {I}rish, and the Creation of a {B}ritish {A}tlantic World, 1689--1764},
	Year = {2001}}

@incollection{gbhol61,
	Author = {{Great Britain House of Lords}},
	Booktitle = {The parliamentary or constitutional history of {E}ngland: {F}rom the earliest times, to the restoration of {K}ing {C}harles {II}: {C}ollected from the records, the rolls of parliament, the journals of both houses, the public libraries, original manuscripts, scarce speeches, and tracts: {A}ll compared with the several contemporary writers, and connected, throughout, with the history of the times},
	Date-Added = {2017-11-15 01:24:55 +0000},
	Date-Modified = {2017-12-24 18:25:06 +0000},
	Editor = {Franklin, B. and Dufief, N. G.},
	Publisher = {Printed for {J. and R. Tonson and A. Millar}, in the Strand, and {W. Sandby}, in Fleet-Street},
	Title = {{Journals of the House of Lords}},
	Volume = {12},
	Year = {1761}}

@book{Goodman64,
	Author = {Goodman, Morris F.},
	Date-Added = {2017-11-15 01:22:38 +0000},
	Date-Modified = {2017-11-15 01:24:45 +0000},
	Journal = {Janua linguarum},
	address = {Hague},
	Publisher = {Mouton},
	Series = {Series practica 4},
	Title = {A Comparative Study of Creole {F}rench Dialects},
	Year = {1964}}

@book{Godfrey95,
	Author = {Godfrey, Sheldon J. and Godfrey, Judy},
	Date-Added = {2017-11-15 01:21:26 +0000},
	Date-Modified = {2017-12-24 18:02:59 +0000},
	address = {Montreal; Buffalo},
	Publisher = {McGill--Queen's University Press.},
	Title = {Search out the Land: {T}he {J}ews and the growth of equality in {B}ritish Colonial {A}merica, 1740--1867},
	Year = {1995}}

@book{Gaunt03,
	Author = {Gaunt, Peter},
	Date-Added = {2017-11-15 01:20:08 +0000},
	Date-Modified = {2017-11-15 01:21:18 +0000},
	address = {Oxford},
	Publisher = {Osprey},
	Title = {The {E}nglish Civil Wars, 1642--1651},
	Year = {2003}}

@inbook{Games08,
	Author = {Games, Alison},
	Booktitle = {The {A}tlantic World, 1450--2000},
	Date-Added = {2017-11-15 01:17:59 +0000},
	Date-Modified = {2017-12-24 18:03:55 +0000},
	Editor = {Falola, T. and Roberts, K. D.},
	Pages = {48--65},
	address = {Bloomington},
	Publisher = {Indiana University Press},
	Title = {Migration and Frontiers},
	Year = {2008}}

@book{Galenson02,
	Author = {Galenson, David W},
	Date-Added = {2017-11-15 01:12:50 +0000},
	Date-Modified = {2017-12-24 18:04:28 +0000},
	address = {Cambridge},
	Publisher = {Cambridge University Press},
	Reprint = {1986},
	Title = {Traders, Planters and Slaves: {M}arket behavior in early {E}nglish {A}merica},
	Year = {2002}}

@book{Friedman99,
	Author = {Friedman, Saul S},
	Date-Added = {2017-11-15 01:11:53 +0000},
	Date-Modified = {2017-11-19 23:16:56 +0000},
	address = {New Brunswick, New Jersey},
	Publisher = {Transaction Publishers},
	Title = {Jews and the {A}merican Slave Trade},
	Year = {1999}}

@book{Fraser90,
	Author = {Fraser, Henry},
	Date-Added = {2017-11-15 01:10:55 +0000},
	Date-Modified = {2017-11-19 23:16:42 +0000},
	address = {Jamaica},
	Publisher = {Heinemann Publishers (Caribbean)},
	Title = {A--Z of {B}arbadian Heritage},
	Year = {1990}}

@book{Forsyth69,
	Author = {Forsyth, William},
	Date-Added = {2017-11-15 01:09:08 +0000},
	Date-Modified = {2017-12-24 18:05:23 +0000},
	address = {London},
	Publisher = {Stevens \& Haynes},
	Title = {Cases and opinions on Constitutional Law: {A}nd various points of {E}nglish Jurisprudence, collected and digested from official documents and other sources; with notes},
	Year = {1869}}

@book{Fisher90,
	Author = {Fisher, Frederick and Penelope, J. and Corfield, J. and Harte, Negley B.},
	Date-Added = {2017-11-15 01:07:51 +0000},
	Date-Modified = {2017-11-19 23:16:23 +0000},
	address = {London},
	Publisher = {Hambledon Press},
	Title = {London and the {E}nglish economy, 1500--1700},
	Year = {1990}}

@book{Fischer91,
	Author = {Fischer, Andreas and Ammann, Daniel},
	Date-Added = {2017-11-15 01:06:13 +0000},
	Date-Modified = {2017-11-29 13:27:07 +0000},
	address = {Amsterdam},
	Publisher = {John Benjamins Publishing Company},
    address = {Amsterdam},
	Title = {An Index to Dialect Maps of {G}reat {B}ritain},
	Year = {1991}}

@inbook{Ferguson71,
	Author = {Ferguson, Charles},
	Booktitle = {Pidginization and Creolization of Languages: {P}roceedings of a Conference Held at the {U}niversity of the {W}est {I}ndies {M}ona, {J}amaica, {A}pril 1968},
	Date-Added = {2017-11-15 01:02:55 +0000},
	Date-Modified = {2017-12-24 18:26:07 +0000},
	Editor = {Dell Hymes},
	address = {London},
	Publisher = {Cambridge University Press},
    Pages = {141--150},
	Title = {Absence of copula notion of simplicity: {A} Study of normal speech, baby talk, foreigner talk, and pidgins},
	Year = {1971}}

@book{Faber98,
	Author = {Faber, Eli},
	Date-Added = {2017-11-15 01:01:56 +0000},
	Date-Modified = {2017-12-24 18:06:46 +0000},
	address = {New York},
	Publisher = {New York University Press},
	Title = {Jews, Slaves, and the Slave Trade: {S}etting the Record Straight},
	Year = {1998}}

@book{Esposito82,
	Author = {Esposito, Barbara and Wood, Lee and Bardsley, Kathryn},
	Date-Added = {2017-11-15 00:59:42 +0000},
	Date-Modified = {2017-12-24 18:07:12 +0000},
	address = {Washington, D. C.},
	Publisher = {Committee to Abolish Prison Slavery},
	Title = {Prison Slavery},
	Year = {1982}}

@book{Elliott07,
	Author = {Elliott, John. H},
	Date-Added = {2017-11-15 00:58:38 +0000},
	Date-Modified = {2017-12-24 18:08:09 +0000},
	address = {New Haven},
	Publisher = {Yale University Press},
	Title = {Empires of the {A}tlantic World: {B}ritain and {S}pain in {A}merica 1492--1830},
	Year = {2007}}

@book{Elias10,
	Author = {Elias, Marie L. and Elias, Josie},
	Date-Added = {2017-11-15 00:57:10 +0000},
	Date-Modified = {2017-11-19 23:13:27 +0000},
	address = {New York},
	Publisher = {Marshall Cavendish Benchmark},
	Title = {Barbados},
	Year = {2010}}

@book{Ehrlich09,
	Author = {Ehrlich, Avrum M},
	Date-Added = {2017-11-15 00:56:03 +0000},
	Date-Modified = {2017-12-24 18:09:54 +0000},
	address = {California},
	Publisher = {ABC--CLIO},
	Title = {Encyclopedia of the {J}ewish Diaspora: {O}rigins, Experiences, and Culture},
	Year = {2009}}

@book{Dunn73,
	Author = {Dunn, Richard},
	Date-Added = {2017-11-15 00:54:52 +0000},
	Date-Modified = {2017-12-24 18:11:20 +0000},
	address = {New York},
	Publisher = {Norton},
	Title = {Sugar and Slaves: {T}he Rise of the Planter Class in the {E}nglish {W}est {I}ndies, 1624--1713.},
	Year = {1973}}

@book{Duke83,
	Author = {Duke, Henning B.},
	Date-Added = {2017-11-15 00:53:23 +0000},
	Date-Modified = {2017-11-15 00:54:49 +0000},
	address = {London},
	Publisher = {Published for the History of Parliament Trust by Secker \& Warburg},
	Title = {The House of Commons, 1660-1690},
	Year = {1983}}

@book{Dobson05,
	Author = {Dobson, David},
	Date-Added = {2017-11-15 00:42:57 +0000},
	Date-Modified = {2017-11-15 00:44:20 +0000},
	address = {Baltimore},
	Publisher = {Clearfield},
	Title = {Barbados and {S}cotland Links, 1627--1877},
	Year = {2005}}

@book{Dobson04,
	Author = {Dobson, David},
	Date-Added = {2017-11-15 00:41:52 +0000},
	Date-Modified = {2017-11-15 00:42:54 +0000},
	address = {Athens},
	Publisher = {University of Georgia Press},
	Title = {Scottish Emigration to Colonial America, 1607-1785},
	Year = {2004}}

@book{Denzin78,
	Author = {Denzin, Norman},
	Date-Added = {2017-11-15 00:40:43 +0000},
	Date-Modified = {2017-12-24 18:11:49 +0000},
	address = {New York},
	Publisher = {McGraw--Hill},
	Title = {The Research Act: {A} Theoretical Introduction to Sociological Methods},
	Year = {1978}}

@book{DeGraff01,
	Author = {DeGraff, Michel},
	Date-Added = {2017-11-15 00:39:37 +0000},
	Date-Modified = {2017-12-24 17:40:30 +0000},
	address = {Cambridge, Mass.},
	Publisher = {MIT Press},
	Title = {Language Creation and Language Change: {C}reolization, Diachrony, and Development},
	Year = {2001}}

@book{DeCoursey03,
	Author = {DeCoursey, William},
	Date-Added = {2017-11-15 00:37:59 +0000},
	Date-Modified = {2017-11-19 23:12:41 +0000},
	address = {Burlington},
	Publisher = {Elsevier},
	Title = {Statistics and Probability for Engineering Applications with {M}icrosoft {E}xcel},
	Year = {2003}}

@book{DCH74,
	Date-Added = {2017-11-15 00:33:41 +0000},
	Date-Modified = {2017-12-20 03:21:03 +0000},
	Editor = {De Camp, David and Hancock, Ian},
	address = {Washington},
	Publisher = {Georgetown University Press},
	Title = {Pidgins and creoles: {C}urrent trends and prospects},
	Year = {1974}}

@book{DavisR73,
	Author = {Davis, Ralph},
	Date-Added = {2017-11-15 00:32:33 +0000},
	Date-Modified = {2017-11-15 00:33:33 +0000},
	address = {Ithaca, New York},
	Publisher = {Cornell University Press},
	Title = {The Rise of the Atlantic Economies},
	Year = {1973}}

@book{Davis87,
	Author = {Davis, Nicholas D},
	Date-Added = {2017-11-15 00:31:21 +0000},
	Date-Modified = {2017-12-24 18:13:28 +0000},
	address = {Georgetown},
	Publisher = {Argosy Press},
	Title = {The {C}avaliers \& {R}oundheads of {B}arbados, 1650--1652: {W}ith some account of the early history of {B}arbados},
	Year = {1887}}

@book{Davies74,
	Author = {Davies, Kenneth},
	Date-Added = {2017-11-15 00:29:23 +0000},
	Date-Modified = {2017-11-15 00:31:14 +0000},
	address = {Minneapolis},
	Publisher = {University of Minnesota Press},
	Title = {The {N}orth {A}tlantic World in the Seventeenth Century},
	Year = {1974}}

@book{Currer82,
	Author = {Currer--Briggs, Noel},
	Date-Added = {2017-11-15 00:28:04 +0000},
	Date-Modified = {2017-12-16 17:26:38 +0000},
	address = {London; Boston},
	Publisher = {Routledge \& Kegan Paul},
	Title = {Worldwide Family History},
	Year = {1982}}

@article{Cowles82,
	Author = {Cowles, Michael and Davis, Caroline},
	Date-Added = {2017-11-15 00:25:45 +0000},
	Date-Modified = {2017-12-04 18:25:51 +0000},
	Journal = {American Psychologist},
	Number = {5},
	Pages = {553-558},
	Title = {On the Origins of the .05 Level of Statistical Significance},
	Volume = {37},
	Year = {1982}}

@book{Corrigan10,
	Author = {Corrigan, Karen P},
	Date-Added = {2017-11-15 00:22:09 +0000},
	Date-Modified = {2017-12-24 18:13:59 +0000},
	address = {Edinburgh},
	Publisher = {Edinburgh University Press},
	Title = {Irish {E}nglish: {N}orthern {I}reland},
	Year = {2010}}

@book{Collins99,
	Author = {Thomas, Collins R. and Wood, Joseph S.},
	Date-Added = {2017-11-15 00:19:32 +0000},
	Date-Modified = {2017-12-24 18:15:32 +0000},
	address = {Oakton, Va},
	Publisher = {Ravensyard Pub.},
	Title = {One Life at a Time: {A} New World Family Narrative, 1630--1960},
	Year = {1999}}

@book{Coldham92,
	Author = {Coldham, Peter},
	Date-Added = {2017-11-15 00:18:15 +0000},
	Date-Modified = {2017-12-24 18:16:51 +0000},
	address = {Baltimore},
	Publisher = {Genealogical Pub. Co.},
	Title = {The Complete Book of Emigrants: 1607--1660},
	Year = {1992}}

@book{Coldham88,
	Author = {Coldham, Peter},
	Date-Added = {2017-11-15 00:16:54 +0000},
	Date-Modified = {2017-11-15 00:18:11 +0000},
	address = {Baltimore},
	Publisher = {Genealogical Pub. Co.},
	Title = {The Bristol Registers of Servants Sent to Foreign Plantations, 1654-1686},
	Year = {1988}}

@book{Coldham87,
	Author = {Coldham, Peter},
	Date-Added = {2017-11-15 00:11:02 +0000},
	Date-Modified = {2017-12-24 18:16:42 +0000},
	address = {Baltimore},
	Publisher = {Genealogical Pub. Co.},
	Title = {The Complete Book of Emigrants 1607--1660: {A} Comprehensive Listing Compiled from {E}nglish Public Records of Those Who Took Ship to the {A}mericas for Political, Religious, and Economic Reasons; of Those Who Were Deported for Vagrancy, Roguery, or Non--Conformity; and of Those Who Were Sold to Labour in the New Colonies},
	Year = {1987}}

@inbook{Clark04,
	Author = {Clark, Urszula},
	Booktitle = {A Handbook of Varieties of {E}nglish: {A} Multimedia Reference Tool. {P}honology},
	Date-Added = {2017-11-15 00:06:26 +0000},
	Date-Modified = {2017-12-24 17:09:35 +0000},
	Editor = {Kortmann, Bernd and Schneider, Edgar W. and Burridge, Kate and Mesthrie, Rajend and Upton, Clive},
	Pages = {134--163},
	address = {Berlin},
	Publisher = {Mouton de Gruyter},
	Title = {The {E}nglish {W}est {M}idlands: {P}honology},
	Year = {2004}}

@inbook{Mufwene96b,
	Author = {Mufwene, Salikoko},
    Booktitle = {{C}aribbean Language Issues, Old \& New: {P}apers in Honour of {P}rofessor {M}ervyn {A}lleyne on the Occasion of His Sixtieth Birthday},
	Date-Added = {2017-11-15 00:04:06 +0000},
	Date-Modified = {2017-12-24 18:17:59 +0000},
	Editor = {Alleyne, Mervyn C. and Christie, Pauline},
    Pages ={163--196},
	address = {Barbados},
	Publisher = {University of the West Indies Press},
    Title = {Creole genesis: {A} population genetic perspective},
	Year = {1996b}}

@book{Chaudenson92,
	Author = {Chaudenson, Robert},
	Date-Added = {2017-11-09 01:34:45 +0000},
	Date-Modified = {2017-11-27 01:11:11 +0000},
	address = {London},
	Publisher = {Routledge (Reprint 2001)},
	Title = {Creolization of Language and Culture},
	Year = {1992},
	Bdsk-File-1 = {YnBsaXN0MDDUAQIDBAUGJCVYJHZlcnNpb25YJG9iamVjdHNZJGFyY2hpdmVyVCR0b3ASAAGGoKgHCBMUFRYaIVUkbnVsbNMJCgsMDxJXTlMua2V5c1pOUy5vYmplY3RzViRjbGFzc6INDoACgAOiEBGABIAFgAdccmVsYXRpdmVQYXRoWWFsaWFzRGF0YV8QGC4uL1dvcmtzIENpdGVkIGZpbmFsLmJpYtIXCxgZV05TLmRhdGFPEQGkAAAAAAGkAAIAAAxNYWNpbnRvc2ggSEQAAAAAAAAAAAAAAAAAAADUM7fPSCsAAAAGhsoVV29ya3MgQ2l0ZWQgZmluYWwuYmliAAAAAAAAAAAAAAAAAAAAAAAAAAAAAAAAAAAAAAAAAAAAAAAAAAAAAAAABx21KdYoH9IAAAAAAAAAAAABAAEAAAkgAAAAAAAAAAAAAAAAAAAAB0Rlc2t0b3AAABAACAAA1DObrwAAABEACAAA1igRwgAAAAEADAAGhsoABoa5AAYwYwACAEFNYWNpbnRvc2ggSEQ6VXNlcnM6AGFuZHJlc2hlcnJpYWg6AERlc2t0b3A6AFdvcmtzIENpdGVkIGZpbmFsLmJpYgAADgAsABUAVwBvAHIAawBzACAAQwBpAHQAZQBkACAAZgBpAG4AYQBsAC4AYgBpAGIADwAaAAwATQBhAGMAaQBuAHQAbwBzAGgAIABIAEQAEgAxVXNlcnMvYW5kcmVzaGVycmlhaC9EZXNrdG9wL1dvcmtzIENpdGVkIGZpbmFsLmJpYgAAEwABLwAAFQACABT//wAAgAbSGxwdHlokY2xhc3NuYW1lWCRjbGFzc2VzXU5TTXV0YWJsZURhdGGjHR8gVk5TRGF0YVhOU09iamVjdNIbHCIjXE5TRGljdGlvbmFyeaIiIF8QD05TS2V5ZWRBcmNoaXZlctEmJ1Ryb290gAEACAARABoAIwAtADIANwBAAEYATQBVAGAAZwBqAGwAbgBxAHMAdQB3AIQAjgCpAK4AtgJeAmACZQJwAnkChwKLApICmwKgAq0CsALCAsUCygAAAAAAAAIBAAAAAAAAACgAAAAAAAAAAAAAAAAAAALM}}

@book{Chaudenson79,
	Author = {Chaudenson, Robert},
	Date-Added = {2017-11-09 01:33:42 +0000},
	Date-Modified = {2017-11-09 01:34:43 +0000},
	address = {Paris},
	Publisher = {Fernand Nathan},
	Title = {Les Cr{\'e}oles {F}ran{\c c}ais},
	Year = {1979}}

@book{Cassidy82,
	Author = {Cassidy, Frederic},
	Date-Added = {2017-11-09 01:32:17 +0000},
	Date-Modified = {2017-12-24 18:19:04 +0000},
	address = {Kingston},
	Publisher = {University of the West Indies Press, (Reprint) 2007},
	Title = {Jamaica Talk: {T}hree Hundred Years of the {E}nglish Language in {J}amaica},
	Year = {1982}}

@book{Cassidy67,
	Author = {Cassidy, Frederic and Le Page, Robert},
	Date-Added = {2017-11-09 01:30:41 +0000},
	Date-Modified = {2017-11-19 23:06:26 +0000},
	address = {Cambridge and New York},
	Publisher = {Cambridge University Press},
	Title = {Dictionary of {J}amaican {E}nglish},
	Year = {1967}}

@book{Campbell86,
	Author = {Campbell, Peter},
	Date-Added = {2017-11-09 01:29:21 +0000},
	Date-Modified = {2017-11-09 01:30:37 +0000},
	address = {St. Ann's Garrison, Barbados},
	Publisher = {Barbados Museum and Historical Society},
	Title = {Chapters in {B}arbados History},
	Year = {1986}}

@article{Campbell77,
	Author = {Campbell, Peter},
	Date-Added = {2017-11-09 01:28:10 +0000},
	Date-Modified = {2017-12-24 18:19:37 +0000},
	Journal = {Journal of Barbados Museum and Historical Society},
	Number = {3},
	Pages = {155--157},
	Title = {Barbados: {T}he Early Years},
	Volume = {35},
	Year = {1977}}

@article{Campbell84,
	Author = {Campbell, Peter},
	Date-Added = {2017-11-09 01:26:33 +0000},
	Date-Modified = {2017-11-09 01:28:08 +0000},
	Journal = {Journal of Barbados Museum and Historical Society},
	Number = {2},
	Pages = {112-158},
	Title = {Aspects of {B}arbados Land Tenure, 1627--1663},
	Volume = {37},
	Year = {1984}}

@book{Campbell93,
	Author = {Campbell, Peter and Scott, John},
	Date-Added = {2017-11-09 01:23:13 +0000},
	Date-Modified = {2017-11-19 23:06:12 +0000},
	address = {St. Michael, Barbados},
	Publisher = {Caribbean Graphics \& Letchworth Ltd},
	Title = {Some Early {B}arbadian History},
	Year = {1993}}

@book{Byrne87,
	Author = {Byrne, Francis},
	Date-Added = {2017-11-09 01:21:17 +0000},
	Date-Modified = {2017-12-24 18:20:24 +0000},
	address = {Amsterdam},
	Publisher = {John Benjamins Publishing Company},
	Title = {Grammatical Relations in a Radical Creole: {V}erb Complementation in {S}aramaccan},
	Year = {1987}}

@book{Burke38,
	Author = {Burke, John},
	Date-Added = {2017-11-09 01:19:22 +0000},
	Date-Modified = {2017-11-09 01:20:17 +0000},
	address = {London},
	Publisher = {H. Colburn},
	Title = {A Genealogical and Heraldic History of the Commoners of {G}reat {B}ritain and {I}reland},
	Year = {1838}}

@book{Burg95,
	Author = {Burg, Barry R},
	Date-Added = {2017-11-09 01:18:14 +0000},
	Date-Modified = {2017-12-24 18:21:34 +0000},
	address = {New York},
	Publisher = {New York University Press},
	Title = {Sodomy and the Pirate Tradition: {E}nglish Sea Rovers in the Seventeenth Century {C}aribbean},
	Year = {1995}}

@book{Buddingh95,
	Author = {Buddingh, Hans},
	Date-Added = {2017-11-09 01:16:12 +0000},
	Date-Modified = {2017-11-09 01:18:10 +0000},
	address = {Utrecht},
	Publisher = {Het Spectrum},
	Title = {Geschiedenis Van {S}uriname ({H}istory of {S}uriname)},
	Year = {1995}}

@inbook{Bruyn95,
	Author = {Bruyn, Adrienne},
	Date-Added = {2017-11-09 01:12:45 +0000},
	Date-Modified = {2017-12-04 19:20:17 +0000},
	Editor = {Arends, Jacques},
	address = {Amsterdam},
	Publisher = {John Benjamins Publishing Company},
	Series = {Creole Language Library},
    Pages = {149--202},
	Title = {Relative clauses in early {S}ranan},
	Volume = {13},
	Year = {1995}}

@book{Bridenbaugh72,
	Author = {Bridenbaugh, Carl and Bridenbaugh, Roberta},
	Date-Added = {2017-11-09 01:10:55 +0000},
	Date-Modified = {2017-12-24 18:28:11 +0000},
	address = {New York},
	Publisher = {Oxford University Press},
	Title = {No Peace Beyond the Line: {T}he {E}nglish in the {C}aribbean, 1624--1690},
	Year = {1972}}

@book{Brewer96,
	Author = {Brewer, John and Susan, Staves},
	Date-Added = {2017-11-09 01:09:06 +0000},
	Date-Modified = {2017-11-29 13:25:40 +0000},
	address = {London},
	Publisher = {Routledge},
	Title = {Early Modern Conceptions of Property},
	Year = {1996}}

@book{Braun09,
	Author = {Braun, Maria},
	Date-Added = {2017-11-09 01:05:08 +0000},
	Date-Modified = {2017-12-24 18:28:33 +0000},
	address = {Tübingen},
	Publisher = {Tübingen},
	Series = {Linguistische Arbeiten 517},
	Title = {Word--Formation and Creolisation: {T}he Case of Early {S}ranan},
	Year = {2009}}

@book{Bloomfield33,
	Author = {Bloomfield, Leonard},
	Date-Added = {2017-11-09 01:03:16 +0000},
	Date-Modified = {2017-11-09 01:05:01 +0000},
	address = {New York},
	Publisher = {Holt, Rinehart and Winston},
	Title = {Language},
	Year = {1933}}

@inbook{Blake04,
	Author = {Blake, Renee},
	Booktitle = {A Handbook of Varieties of {E}nglish: {A} Multimedia Reference Tool. {P}honology},
	Date-Added = {2017-11-09 00:56:01 +0000},
	Date-Modified = {2017-12-24 17:05:47 +0000},
	Editor = {Kortmann, Bernd and Schneider, Edgar W. and Burridge, Kate and Mesthrie, Rajend and Upton, Clive},
	Pages = {501--508},
	address = {Berlin},
	Publisher = {Mouton de Gruyter},
	Title = {Bajan: {P}honology},
	Year = {2004}}

@book{Bridenbaugh68,
	Author = {Bridenbaugh, Carl},
	Date-Added = {2017-11-09 00:41:23 +0000},
	Date-Modified = {2017-11-09 00:55:33 +0000},
	address = {Oxford},
	Publisher = {The Clarendon Press},
	Title = {Vexed and troubled {E}nglishmen, 1590--1642},
	Year = {1968}}

@book{Blackburn98,
	Author = {Blackburn, Robin},
	Date-Added = {2017-11-05 01:34:42 +0000},
	Date-Modified = {2017-12-24 18:29:26 +0000},
	Publisher = {Verso},
	Title = {The making of {N}ew {W}orld Slavery: {F}rom the {B}aroque to the Modern, 1492--1800},
	Year = {1998}}

@book{Biographia57,
	Author = {Kippis, Andrew},
	Date-Added = {2017-11-05 01:32:54 +0000},
	Date-Modified = {2017-12-24 18:30:43 +0000},
	address = {London},
	Publisher = {Meadows [u.a.]},
	Title = {Biographia {B}ritannica: {O}r, The Lives Of The Most eminent Persons, Who have flourished in {G}reat {B}ritain and {I}reland, From the earliest Ages, down to the present Times; Collected from the best Authorities, both Printed and Manuscript, And digested in the Manner of {M}r. {B}ayle's Historical and Critical Dictionary},
	Volume = {4},
	Year = {1757}}

@inbook{Baker00,
	Author = {Baker, Philip},
    Booktitle = {Degrees of restructuring in creole languages},
	Date-Added = {2017-11-05 01:20:19 +0000},
	Date-Modified = {2017-12-24 16:57:25 +0000},
	Editor = {Neumann--Holzschuh, I. and Schneider, Edgar. W.},
	Publisher = {John Benjamins Publishing Company},
    Pages ={41--64},
	Title = {Theories of creolization and the degree and nature of restructuring},
	Year = {2000}}

@book{Baissac80,
	Author = {Baissac, Charles},
	Date-Added = {2017-11-05 01:16:48 +0000},
	Date-Modified = {2017-11-09 01:00:47 +0000},
	Publisher = {Nancy: Imprimerie Berger-Levrault et cie},
	Title = {{\'E}tude Sur Le Patois Cr{\'e}ole {M}auricien (Study on the {M}auritian Creole Patois)},
	Year = {1880}}

@online{Stats,
	Author = {Lagart, Bert},
	Date-Added = {2017-11-05 01:05:10 +0000},
	Date-Modified = {2017-12-04 18:32:40 +0000},
	Lastchecked = {Last modified April, 22 1998},
	Title = {Tests of Statistical Significance},
	Url = {http://www.csulb.edu/~msaintg/ppa696/696stsig.htm.},
	Year = {2007}
}

@online{R11,
	Date-Added = {2017-11-05 01:02:38 +0000},
	Date-Modified = {2017-12-04 12:35:58 +0000},
	Lastchecked = {February 1, 2011},
	Month = {February},
	Author = {{R Core Team}},
	Title = {An Introduction to R.},
	Url = {http://cran.r-project.org/doc/manuals/R-intro.html#Top},
	Year = {2011},
	urldate={12/11/2018}
}

@online{Sargasso10,
	Date-Added = {2017-11-05 00:57:52 +0000},
	Date-Modified = {2017-11-25 21:08:11 +0000},
	Lastchecked = {February 12, 2010},
	Month = {February},
	Title = {The Context of Wide Sargasso Sea » Social / Political Context » Creole Identity and Language},
	Url = {http://www.crossref-it.info/textguide/Wide-Sargasso-Sea/29/1915},
	Year = {2010},
	urldate={Accessed February 12, 2010}
}
	
@incollection{Aceto04,
	Author = {Aceto, Michael},
	Booktitle = {A Handbook of Varieties of {E}nglish: {A} multimedia Reference Tool. {P}honology},
	Date-Modified = {2017-12-24 18:31:49 +0000},
	Editor = {Kortmann, Bernd and Schneider, Edgar W. and Burridge, Kate and Mesthrie, Rajend and Upton, Clive},
	Pages = {481--499},
	address = {Berlin},
	Publisher = {Mouton de Gruyter},
	Title = {Eastern {C}aribbean {E}nglish--derived language varieties: {P}honology},
	Year = {2004}}

@incollection{Aceto10,
	Author = {Aceto, Michael},
	Booktitle = {The Lesser--Known Varieties of {E}nglish: {A}n Introduction},
	Date-Modified = {2017-12-24 18:35:18 +0000},
	Editor = {Schreier, Daniel and Trudgill, Peter and Schneider, Edgar W. and Williams, Jeffery},
	Pages = {171--194},
	address = {New York},
	Publisher = {Cambridge University Press},
	Title = {{D}ominican {K}okoy},
	Year = {2010}}

@inbook{Alleyne79,
	Author = {Alleyne, Mervyn},
	Booktitle = {The Genesis of Language},
	Date-Modified = {2017-12-04 19:19:09 +0000},
	Editor = {Hill, Kenneth C.},
	address = {Ann Arbor},
	Publisher = {Karoma},
	Title = {On the genesis of language},
	Year = {1979}}

@book{Alleyne80,
	Author = {Alleyne, Mervyn},
	Date-Modified = {2017-12-04 00:27:28 +0000},
	address = {Ann Arbor},
	Publisher = {Karoma},
	Title = {Comparative {A}fro--{A}merican},
	Year = {1980}}

@book{Amussen09,
	Author = {Amussen, Susan Dwyer},
	Date-Modified = {2017-12-24 18:35:51 +0000},
	address = {Sydney, Austrailia},
	Publisher = {ReadHowYouWant.com},
	Title = {Caribbean Exchanges: {S}lavery and the Transformation of {E}nglish Society, 1640--1700},
	Year = {2009}}

@book{Arbell02,
	Author = {Arbell, Mordehay},
	Date-Modified = {2017-12-04 19:18:45 +0000},
	address = {Jerusalem, Israel},
	Publisher = {Gefen Pub.},
	Title = {The {J}ewish nation of the {C}aribbean},
	Year = {2002}}

@phdthesis{Arends89,
	Author = {Arends, Jacques},
	Date-Modified = {2017-12-24 18:37:06 +0000},
	School = {Katholieke Universiteit ti Nijmegen},
	Title = {Syntactic developments in {S}ranan: {C}reolization as a gradual process},
	Year = {1989}}

@inbook{Arends02,
	Author = {Arends, Jacques},
	Booktitle = {Atlas of the Languages of Suriname},
	Date-Modified = {2017-12-24 18:37:30 +0000},
	Editor = {Carlin, Eithne and Arends, Jacques},
	address = {Leiden},
	Publisher = {KITLV Press},
    Pages = {115--130},
	Title = {The history of the {S}urinamese creoles 1: {A} sociohistorical survey},
	Year = {2002}}

@book{Arends95,
	Author = {Arends, Jacques and Muysken, Pieter and Smith, Norval},
	Date-Modified = {2017-11-19 22:59:39 +0000},
	address = {Amsterdam},
	Publisher = {John Benjamins Publishing Company},
	Title = {Pidgins and creoles},
	Year = {1995}}

@incollection{Armitage05,
	Author = {Armitage, David},
	Booktitle = {Scotland: {A} History},
	Date-Modified = {2017-12-24 18:39:04 +0000},
	Editor = {Wormald, Jenny},
	address = {Oxford},
	Publisher = {Oxford University Press},
    Pages = {272--303},
	Title = {The {S}cottish diaspora},
	Year = {2005}}

@article{Atkinson11,
	Author = {Atkinson, Q. D.},
	Date-Modified = {2017-11-09 01:00:36 +0000},
	Doi = {10.1126/science.1199295},
	Journal = {Science},
	Number = {6027},
	Pages = {346-349},
	Title = {Phonemic diversity supports a Serial Founder Effect Model of language expansion from {A}frica},
	Volume = {332},
	Year = {2011},
	Bdsk-Url-1 = {http://dx.doi.org/10.1126/science.1199295}}

@book{Ayearst60,
	Author = {Ayearst, Morley},
	Date-Modified = {2017-12-24 18:39:38 +0000},
	Publisher = {New York University Press},
	Title = {The {B}ritish {W}est {I}ndies: {T}he search for self--government},
	Year = {1960}}

@inbook{Baker98,
	Author = {Baker, Philip},
	Booktitle = {St. {K}itts and the {A}tlantic Creoles: {T}he text of {S}amuel {A}ugustus {M}atthews in Perspective},
	Date-Modified = {2017-12-24 18:47:18 +0000},
	Editor = {Baker, Philip and Bruyn, Adrienne},
	address = {London},
	Publisher = {University of Westminster Press},
    Pages = {315--364},
	Title = {Investigating the origin and diffusion of shared features among the {A}tlantic {E}nglish Creoles},
	Year = {1998}}

@book{Bannet11,
	Author = {Bannet, Eve Tavor},
	Date-Modified = {2017-12-16 15:31:18 +0000},
	address = {Cambridge},
	Publisher = {Cambridge University Press},
	Title = {Transatlantic stories and the history of reading, 1720--1810},
	Year = {2011}}

@inbook{Beal04,
	Author = {Beal, John},
	Booktitle = {A Handbook of Varieties of {E}nglish: {A} Multimedia Reference Tool. {P}honology},
	Date-Modified = {2017-12-24 17:09:06 +0000},
	Editor = {Kortmann, Bernd and Schneider, Edgar W. and Burridge, Kate and Mesthrie, Rajend and Upton, Clive},
	Pages = {113--34},
	address = {Berlin},
	Publisher = {Mouton de Gruyter},
	Title = {English dialects in the north of {E}ngland: {P}honology},
	Year = {2004}}

@book{Beckles89,
	Author = {Beckles, Hilary},
	Date-Modified = {2017-11-09 01:01:24 +0000},
	address = {Knoxville},
	Publisher = {Tennessee University Press},
	Title = {White servitude and black slavery in {B}arbados, 1627--1715},
	Year = {1989}}

@article{Beckles87,
	Author = {Beckles, Hilary McD. and Downes, Andrew},
	Date-Modified = {2017-11-09 01:01:19 +0000},
	Doi = {10.2307/204282},
	Journal = {Journal of Interdisciplinary History},
	Number = {2},
	Pages = {225-47},
	Title = {The Economics of Transition to the Black Labor System in Barbados, 1630-1680},
	Volume = {18},
	Year = {1987},
	Bdsk-Url-1 = {http://dx.doi.org/10.2307/204282}}

@article{Bickerton91,
	Author = {Bickerton, Derek},
	Date-Modified = {2017-11-09 01:02:03 +0000},
	Doi = {10.1075/jpcl.6.1.03bic},
	Journal = {Journal of Pidgin and Creole Languages},
	Number = {1},
	Pages = {25-58},
	Title = {On the Supposed "Gradualness" of Creole Development},
	Volume = {6},
	Year = {1991},
	Bdsk-Url-1 = {http://dx.doi.org/10.1075/jpcl.6.1.03bic}}

@article{Bickerton84,
	Author = {Bickerton, Derek},
	Date-Modified = {2017-11-09 01:01:48 +0000},
	Doi = {10.1017/s0140525x00044149},
	Journal = {Behavioral and Brain Sciences},
	Number = {02},
	Pages = {173 -221},
	Title = {The language bioprogram hypothesis},
	Volume = {7},
	Year = {1984},
	Bdsk-Url-1 = {http://dx.doi.org/10.1017/s0140525x00044149}}

@inbook{Bickerton77,
	Author = {Bickerton, Derek},
	Booktitle = {Pidgin and creole languages},
	Date-Modified = {2017-12-24 18:41:45 +0000},
	Editor = {Valdman, Albert},
	Pages = {49-69},
	address = {Bloomington},
	Publisher = {Indiana University Press.},
	Title = {Pidginization and creolization: {L}anguage acquisition and language universals},
	Year = {1977}}

@inbook{Bickerton79,
	Author = {Bickerton, Derek},
	Booktitle = {The Genesis of Language},
	Date-Modified = {2017-11-09 01:01:34 +0000},
	Editor = {Hill, Kenneth C.},
	Pages = {1-22},
	address = {Ann Arbor},
	Publisher = {Karoma},
	Title = {Beginnings},
	Year = {1979}}

@inbook{Bickerton80,
	Author = {Bickerton, Derek},
	Booktitle = {Varieties of {E}nglish around the {W}orld: {G}eneral Series},
	Date-Modified = {2017-12-24 18:43:15 +0000},
	Editor = {Day, Rita R.},
	address = {Heidelberg},
	Publisher = {Groos},
	Title = {Creolization, Linguistic Universals, Natural Semantax and the Brain},
	Volume = {2},
	Year = {1980}}

@book{Bickerton81,
  address = {Berlin},
  author = {Derek Bickerton},
  publisher = {Language Science Press},
  sortyear={1981},
  doi = {10.17169/langsci.b91.109},
  title = {Roots of language},
  year = {1981/2016}
}

@inbook{Bickerton84b,
	Author = {Bickerton, Derek},
	Booktitle = {Language Universals and Second Language Acquisition: {C}ontaining the Contributions to a Conference on Language Universals and Second Language Acquisition held at the {U}niversity of {S}outhern {C}alifornia, {F}ebruary 1982},
	Date-Modified = {2017-12-24 18:46:15 +0000},
	Editor = {Rutherford, W. E.},
	Pages = {264},
	address = {California},
	Publisher = {John Benjamins Publishing Company},
	Title = {The Language Bioprogram Hypothesis and Second Language Acquisition},
	Year = {1984}}

@inbook{Bickerton99,
	Author = {Bickerton, Derek},
	Booktitle = {Language Creation and Language Change: {C}reolization, Diachrony and Development},
	Date-Modified = {2017-12-24 17:40:05 +0000},
	Editor = {DeGraff, M},
	Pages = {49--74},
	address = {Cambridge, Mass},
	Publisher = {MIT Press},
	Title = {How to acquire language without positive evidence: {W}hat acquisitionists can learn from creoles},
	Year = {1999}}
